2442 4209
160 321 223 390 2oe
484 325 528 386 ot
543 324 635 387 VAL.
653 324 881 387 Minimus

249 479 401 554 Quantum
415 476 529 537 Lesbis
542 496 605 537 nou
621 475 709 537 dedit
723 476 857 541 catullo.

246 561 295 622 Te
307 561 418 621 sicinio
431 567 513 638 totu,
528 568 562 621 te
575 559 694 641 pilosus

225 646 381 707 5Hircoso
399 645 514 723 premit
528 644 634 705 osculo
651 643 786 705 colonus.

244 729 327 789 Hinc
340 730 436 788 instat
450 729 508 788 tihi
522 734 642 807 textor,
660 727 734 806 inde
748 726 842 805 tullo,

244 812 326 873 Hinc
341 818 427 871 sutor
442 810 532 872 modo
546 811 632 893 pelle
645 814 777 889 barinto,

244 895 326 956 Hinc
340 896 437 956 menti
450 894 590 955 dominus
603 894 792 976 peniculon,

244 978 326 1038 Hinc
340 989 359 1051 †
374 977 565 1058 desioculus,
587 978 661 1039 inde
675 979 792 1061 lippus,

203 1060 442 1142 loFelistorque
456 1081 629 1142 recensque
644 1062 846 1143 cunpiiingur.

244 1146 306 1207 lun
322 1147 400 1206 tenti
415 1147 473 1206 tibi
487 1166 548 1206 non
562 1146 623 1206 fuit
637 1145 752 1207 redire.

244 1393 356 1455 Mortis
371 1388 491 1451 alumne
505 1390 589 1467 dics,
608 1411 730 1454 roseum
745 1412 805 1471 quo
818 1390 959 1473 lampedo
972 1392 1090 1474 primum

287 1478 460 1555 Magnoque
473 1474 595 1537 siderei
605 1475 736 1536 vidimus
750 1496 804 1537 ors
818 1474 886 1553 dei,
938 1529 940 1535 ,

246 1561 279 1621 Si
293 1566 325 1620 te
340 1578 413 1620 rure
429 1555 491 1620 coli
508 1559 686 1639 viridesque
699 1559 831 1640 pudebit
844 1558 883 1619 od
898 1580 981 1637 oros,

289 1644 348 1720 Qui
363 1643 466 1703 iueros
482 1643 570 1705 Latio
585 1642 688 1705 cultus
702 1646 734 1703 in
748 1645 825 1704 urbe
841 1644 934 1705 mihi:

129 1775 135 1785 .
223 1728 292 1790 olio
304 1728 439 1805 venium,
461 1728 579 1788 servire
593 1729 671 1789 meis
687 1726 768 1808 quod
782 1726 856 1788 nolo
872 1726 1034 1805 Kalendis,

286 1813 328 1872 Et
344 1830 403 1891 quo
420 1830 486 1870 sum
500 1813 639 1890 genitus,
660 1814 764 1873 vivere
778 1810 849 1872 luce
864 1811 945 1873 volo.

619 1946 689 2024 nx,
710 1947 740 2009 n.

244 2055 345 2118 Natali
359 2056 480 2137 pollere
495 2077 566 2133 suo,
583 2075 623 2141 ne
640 2055 726 2117 coldo
741 2052 865 2116 Sabello

286 2141 374 2200 Desit
387 2149 420 2201 et
434 2148 468 2201 ut
481 2140 632 2221 liquidum
645 2146 734 2223 potet
748 2139 866 2200 Alauda
880 2160 1012 2218 mcrum,

248 2222 387 2283 Turbida
400 2223 535 2286 sollicito
550 2227 761 2285 transmittere
777 2224 920 2285 Caecubo
933 2244 1037 2303 succo,

227 2368 233 2377 ,
285 2308 388 2387 Atque
402 2311 485 2369 inter
499 2327 620 2369 mensas
633 2310 699 2386 ire,
720 2307 827 2369 redire
842 2328 929 2385 suos3

221 2390 397 2473 olixcipere
412 2391 572 2471 bouillon,
595 2398 629 2453 et
642 2399 708 2454 toto
723 2411 851 2471 surgere
868 2412 945 2453 ceno

285 2476 441 2537 Marmora
455 2476 622 2538 calcantem
638 2475 801 2556 frigidiore
814 2473 903 2556 gelu:

244 2558 329 2633 Quae
344 2562 423 2620 rutio
437 2568 502 2639 est,
520 2563 598 2622 haec
613 2568 724 2641 spoutc
738 2580 792 2621 suo
805 2561 950 2641 perferre
962 2562 1101 2641 potique,

286 2641 370 2716 Quae
385 2650 418 2704 te
432 2646 458 2704 si
473 2647 578 2706 iubent
592 2664 648 2705 ren
664 2643 882 2723 dominusque,
904 2644 1022 2723 neges?

637 2778 714 2840 LXI.

243 2885 360 2948 Versus
373 2894 406 2947 et
419 2889 513 2949 breve
527 2888 722 2969 vividumque
737 2908 861 2950 carmen

241 2968 277 3029 ln
291 2976 323 3029 te
336 2989 377 3031 ne
390 2971 516 3052 faciam,
529 2974 644 3051 times,
665 2973 812 3052 Ligurro,

241 3052 284 3115 lic
297 3053 406 3133 dignus
421 3056 507 3136 cupis
522 3057 582 3116 hoc
595 3066 680 3117 metu
695 3056 804 3117 videri.

243 3135 306 3195 Sed
317 3137 433 3199 trustra
446 3141 557 3201 motuis
572 3142 721 3220 cupisque
735 3142 860 3201 frustra.

220 3219 278 3279 51n
291 3227 394 3282 tsuros
408 3222 517 3302 Libyci
529 3234 622 3283 ruunt
634 3223 759 3302 leones,

241 3303 311 3363 Non
324 3313 395 3366 suut
408 3306 614 3387 papilionibus
628 3305 761 3370 molesti.

244 3387 397 3467 Quaeras,
420 3408 548 3469 censeo,
570 3392 597 3450 si
610 3388 676 3469 legi
689 3388 832 3468 laborent,

241 3468 329 3549 Nigri
341 3472 472 3533 fornicis
484 3475 605 3534 ebrium
618 3481 758 3555 poetum,
773 3494 779 3507 ·

245 3555 303 3631 Qui
318 3558 451 3617 carbone
466 3557 536 3617 rudi
552 3559 699 3637 putrique
714 3565 801 3620 crete
