2442 4209
304 250 731 362 ιιιιιιιιιιιιιιιοιιιιιι.
746 301 811 363 vu.
875 374 881 383 ‚
1018 301 1077 365 ιιι

127 452 223 531 Seque
239 454 384 513 obserata
398 451 492 513 clusit
507 454 611 515 auxius
625 450 707 513 cello

24 542 27 547 '
125 535 253 599 Gulosus
267 534 341 613 ille,
362 543 490 616 postero
506 536 557 597 die
575 536 691 597 vendit.

514 671 594 732 XXl.

124 784 204 843 llaec
219 792 269 845 est
281 784 337 845 illu
352 785 435 861 dies,
458 804 536 864 quae
552 786 655 863 magui
669 785 793 845 couscis
806 791 913 865 partus

162 868 316 929 Lucanum
334 868 457 950 populis
472 875 505 929 et
519 871 594 947 tibi,
616 865 724 943 Polla,
748 866 843 929 dedit.

124 952 205 1012 Heu!
234 954 318 1013 Nero
334 951 471 1014 erudelis
485 951 632 1030 nullaque
647 953 775 1011 invisior
789 954 913 1031 umbra,

161 1038 276 1098 Debuit
286 1039 347 1098 hoe
361 1036 464 1097 saltim
481 1056 543 1097 uon
558 1035 686 1098 licuisse
700 1036 768 1098 tibi.
852 1089 855 1096 .

512 1170 605 1231 XXII.

123 1284 205 1346 Vatis
221 1282 380 1365 Apollinei
394 1302 503 1362 magro
520 1282 729 1345 memorabilis
745 1290 816 1344 ortu

160 1369 226 1428 Lux
240 1368 340 1428 redita
355 1367 516 1445 ¹Aonidum
531 1370 639 1447 turba,
659 1366 761 1430 favete
776 1367 882 1428 sacris.

123 1452 204 1513 Haec
217 1454 349 1530 meruit,
373 1471 440 1512 curu
456 1459 489 1512 te
506 1454 619 1529 terris,
640 1451 780 1529 Lucane,
803 1449 959 1530 dedisset,

161 1538 277 1597 Mixtus
293 1534 447 1597 Castaliae
462 1537 567 1596 Raetis
581 1543 616 1597 ut
632 1542 718 1598 esset
733 1554 839 1616 aquae.

492 1670 610 1749 ιιιιιιι.

22 1780 23 1827 ἓ
123 1780 262 1863 Phoebe,
284 1784 373 1860 veui,
396 1781 453 1844 aed
468 1790 598 1862 quantus
614 1800 703 1858 eras,
725 1799 794 1841 cum
808 1777 893 1842 bella
911 1780 1031 1841 tousutl

23 1904 24 1947 ἰ
162 1866 231 1945 lpse
246 1865 339 1926 dares
353 1865 461 1927 Latiae
479 1864 603 1948 plectra
619 1863 754 1925 secunde
767 1864 864 1944 lyrae.

23 2014 24 2021 χ
125 1948 201 2025 Quid
213 1955 371 2029 tautapro
386 1950 458 2011 luce
472 1950 609 2031 precer?
638 1948 704 2027 Tu,
724 1948 831 2026 Polla,
852 1948 993 2009 maritum

23 2030 24 2041 ¹
162 2033 262 2114 Saepe
277 2031 361 2093 colas
377 2041 409 2093 et
424 2053 458 2094 se
470 2036 584 2095 sentiat
597 2032 652 2093 ille
668 2029 739 2095 coli.

502 2182 611 2244 XXIV.

124 2293 195 2354 Gom
207 2293 351 2357 iuvenale
366 2315 435 2357 meo
451 2315 528 2375 quae
545 2314 594 2357 me
610 2297 804 2357 committere
818 2302 967 2375 temptes,

163 2378 245 2454 Quid
259 2400 323 2440 nou
337 2380 481 2459 audebis,
503 2379 624 2461 perlida
635 2379 757 2458 lingua,
777 2378 887 2459 loqui?

125 2460 168 2521 Te
181 2464 322 2543 lingente
336 2466 424 2525 uela·
443 2464 582 2544 Pyladen
597 2463 716 2523 odisset
730 2462 877 2542 Orestes,

163 2546 290 2609 Thesea
307 2548 442 2610 Pirithoi
457 2548 652 2609 destituisset
666 2564 769 2622 amor,

107 2628 172 2690 suu
187 2631 310 2692 Siculos
324 2633 439 2693 iratres
455 2639 488 2692 et
501 2634 597 2692 maius
610 2649 724 2692 nomeu
737 2631 862 2692 Atridas

162 2715 203 2775 Et
218 2715 323 2776 Ledae
337 2723 463 2797 poteras
477 2716 647 2777 dissociare
661 2734 767 2793 genus.

125 2797 188 2857 lloc
201 2800 261 2859 tibi
274 2819 332 2879 pro
346 2801 466 2861 meritis
480 2807 514 2860 ct
526 2797 641 2860 talibus
654 2801 809 2879 imprecor
825 2799 922 2875 ausis,

162 2882 205 2942 Ut
221 2882 318 2943 iacias
332 2881 430 2962 illud,
453 2883 552 2963 quod,
574 2891 667 2963 puto,
686 2882 807 2961 lingua,
826 2882 912 2943 facis.

509 3016 605 3079 XXV.

30 3199 34 3216 Ι
125 3126 231 3190 Dulcia
246 3150 315 3190 cum
329 3136 448 3191 tautum
463 3132 580 3192 scribas
596 3133 815 3215 epigrammata
828 3148 953 3210 semper

30 3218 35 3287 i
162 3215 204 3274 Iit
219 3221 376 3275 cerussata
391 3213 671 3292 candidiora'oute,

31 3305 36 3438 b
125 3294 274 3378 Nullsque
287 3300 367 3358 mica
380 3299 452 3359 salis
466 3318 525 3359 nec
538 3301 632 3360 amari
647 3297 732 3359 fellis
745 3299 779 3358 iu
793 3295 858 3358 illis

163 3382 259 3445 Gutta
273 3384 333 3461 sit,
353 3401 371 3441 o
390 3380 535 3462 demens,
556 3385 601 3443 vis
617 3389 719 3465 umen
733 3380 789 3441 illa
802 3379 882 3461 legi!

32 3475 37 3547 ι
51 3502 56 3517 ·
106 3464 187 3525 5Nec
201 3468 290 3527 cibus
304 3468 373 3549 ipse
385 3467 585 3528 iuvat‘morsu
598 3466 759 3527 fraudatus
773 3468 870 3543 aceti,

33 3559 39 3703 Ι
163 3548 228 3610 Nec
244 3557 333 3629 gratu
348 3558 396 3610 est
410 3550 523 3629 iacies,
546 3552 595 3610 cui
609 3549 764 3629 gelasinus
781 3551 879 3610 abest.
