2442 4209
285 360 626 423 EPIGRAMMATON
638 361 713 423 LlB.
727 362 768 423 Χ.
986 362 1049 427 229
1168 315 1172 321 ·

103 517 153 578 illc
168 534 224 596 ego
240 512 315 594 quid
328 512 461 575 daciam?
484 513 680 592 «quidnobis,
701 514 816 594 Paule,
837 514 1006 598 relinquis,

137 602 191 679 Qui
204 599 245 661 de
259 597 354 681 plebe
368 598 484 659 Numae
500 597 658 677 denaaque
672 601 764 661 turba
777 602 903 663 aumuai

86 687 154 763 bQui
166 702 213 745 mc
227 684 395 765 respiciet,
417 681 572 743 domiuum
586 702 756 763 regemque
769 687 907 747 vocabo?

137 770 198 829 Hoc
216 775 268 848 tu,
289 765 345 827 ced
360 773 472 846 quanto
488 765 647 828 blandius!
667 769 734 848 ipae
749 769 835 832 iacis.

101 856 244 916 Lecticam
259 850 405 915 aellmuve
421 852 555 929 aequari
573 870 633 912 uec
646 852 734 913 ferre
751 872 891 932 recusae,

135 939 192 998 Per
207 935 342 998 medium
357 955 474 1017 pugnae
492 936 549 997 ced
561 938 650 1019 prior
664 939 727 997 iace
740 936 849 999 lutum.

102 1022 217 1102 Saepiua
233 1040 388 1099 amurgam
402 1022 547 1082 recitanti
562 1022 721 1081 carmina?
742 1028 851 1083 tueataa

73 1116 98 1168 lo
137 1107 175 1167 ht
187 1108 306 1186 pariter
321 1106 457 1184 geminaa
472 1106 576 1166 tendia
590 1106 624 1164 iu
641 1125 696 1166 ora
713 1125 828 1167 mauua.

102 1190 172 1268 Quid
186 1190 283 1251 faciet
296 1208 430 1271 pauper,
451 1191 500 1250 cui
516 1209 578 1250 nou
592 1187 670 1250 licet
685 1209 755 1251 ease
772 1188 903 1251 clienti?

137 1276 254 1336 cimicia
268 1281 390 1336 nostran
404 1292 541 1354 purpura
553 1278 659 1334 vestra
671 1280 768 1353 togas.

501 1408 552 1471 xi.

100 1527 144 1588 Nil
157 1527 239 1593 aliud
251 1528 407 1609 loqueris,
429 1548 518 1606 quam
533 1528 659 1589 'l'hesea
671 1528 922 1609 Pirithoumque,

136 1613 241 1693 'leque
255 1621 345 1695 putas
362 1611 488 1693 Pyladi,
511 1610 706 1691 Calliodore,
727 1633 842 1694 parem.

101 1696 289 1777 hiapeream,
310 1700 336 1758 ai
351 1703 385 1758 tu
399 1695 508 1777 Pyladi
522 1703 684 1778 precatore
699 1697 855 1758 matellam

25 1838 26 1857 ,
136 1782 249 1861 liiguua
264 1800 298 1842 ea
313 1788 365 1842 aut
378 1799 491 1862 porcoa
504 1800 635 1861 parcere
648 1782 791 1845 Pirithoi.

24 1859 26 1947 l
84 1864 230 1943 b„l)ouavi
244 1867 370 1926 ιιιιιιιιικι
386 1866 489 1944 inqula
504 1868 624 1943 „amico
638 1865 723 1926 milia
736 1867 872 1945 quinque

24 1968 25 2019 j
134 1951 173 2011 lit
186 1948 283 2010 lotam
296 1958 331 2010 ut
344 1950 470 2010 multum
486 1956 598 2027 terque
612 1957 784 2030 quaterque
799 1952 934 2030 togam.“

23 2024 25 2087 3
101 2032 186 2112 Quid,
209 2033 292 2113 quod
306 2033 352 2095 nil
366 2052 499 2113 uuquam
513 2031 648 2113 Pyladea
664 2032 789 2095 donavit
802 2035 951 2096 Orestae:

23 2112 25 2119 '
136 2118 192 2194 Qui
206 2117 301 2179 donat
316 2120 452 2198 quamvis
465 2116 614 2197 plurima,
634 2117 724 2199 plara
736 2126 838 2197 negat.
900 2122 905 2131 '

493 2252 557 2315 Xll.

23 2360 24 2409 i
99 2366 239 2427 Aemiliae
257 2371 367 2446 gentes
382 2373 415 2425 et
428 2362 610 2446 Apollineas
630 2364 810 2445 Vercellas,

23 2464 25 2497 τ
135 2452 174 2510 lit
188 2450 397 2511 Phaethontei
411 2451 464 2528 qui
478 2452 561 2530 petia
577 2469 648 2509 arva
662 2449 755 2528 Padi,

23 2576 24 2579 ,
99 2534 139 2593 Ne
152 2536 263 2614 vivam,
286 2535 413 2611 uisite,
434 2534 567 2611 homiti,
589 2532 712 2594 dimitto
726 2534 881 2612 libenter,

136 2618 229 2680 Grata
240 2620 319 2681 licet
335 2619 403 2679 siue
419 2624 452 2677 te
468 2619 509 2679 cit
525 2619 601 2677 mihi
615 2616 702 2678 uulla
715 2617 791 2680 dieo.

99 2700 155 2763 Sed
168 2701 357 2765 desiderium
371 2704 451 2763 tanti
466 2710 530 2779 est,
551 2709 587 2763 ut
601 2720 702 2763 mesae
716 2702 767 2763 rel
782 2724 842 2764 uua

134 2788 257 2849 Urbano
272 2787 394 2847 releves
408 2785 490 2847 colla
506 2792 634 2867 perusta
649 2788 729 2865 iugo.

98 2870 230 2950 lprecor
245 2879 279 2933 et
291 2878 375 2931 totos
391 2872 477 2931 avida
491 2878 562 2931 cute
577 2871 719 2932 combibe
734 2871 826 2932 coles.

135 2956 161 3015 0
177 2975 264 3033 quam
279 2955 449 3033 formosam,
472 2955 543 3016 dum
557 2954 759 3037 peregrinus,
782 2957 860 3016 erio!

100 3036 136 3098 Et
148 3042 252 3101 venies
268 3038 346 3100 albia
359 3059 422 3099 uon
436 3038 650 3119 agnoaccudac
664 3040 770 3101 amicta

23 3122 25 3201 t
69 3128 93 3180 lt
134 3122 314 3201 Livebitque
327 3124 391 3183 tuis
404 3122 523 3203 pallida
537 3125 629 3185 turba
642 3124 745 3200 genia!

23 3214 25 3283 t
99 3204 156 3267 Sed
169 3208 218 3267 via
234 3226 326 3287 quem
341 3205 482 3284 dederit,
501 3209 606 3289 rapiet
620 3207 683 3266 cito
699 3208 795 3268 Roma
812 3205 965 3285 colorem,

135 3289 250 3352 Niliaco
269 3290 380 3352 redeaa
401 3299 434 3351 tu
450 3291 527 3353 licet
546 3310 602 3353 ore
618 3291 717 3369 niger.

488 3426 566 3487 Xlll.

99 3536 169 3597 Gom
186 3496 423 3599 cathedrallcioc
439 3544 547 3618 portet
564 3540 622 3598 tibi
639 3538 717 3599 reda
732 3540 890 3599 miuiatroa

137 3622 177 3683 Et
193 3623 287 3705 Libya
300 3619 444 3701 iulongo
458 3621 588 3703 pulvere
604 3622 696 3683 audet
714 3642 827 3703 cques,
