2442 4209
464 337 516 398 nt
533 336 623 400 VAL.
640 336 867 400 MARTIALIS

631 537 838 600 m..

230 655 374 716 Proxima
389 654 529 715 centenis
546 652 723 732 ostenditur
737 671 809 712 ursa
824 649 996 732 columnia,
1102 621 1109 634 ’
1179 622 1196 747 d

273 739 434 798 Exornant
447 738 539 798 lictae
555 757 615 818 qua
628 732 794 816 platanona
807 736 905 797 ferae.
1194 754 1195 763 ¹

230 823 330 884 llulua
345 820 416 881 dum
431 820 552 902 patulos
568 819 709 881 alludens
724 825 859 900 temptat
872 821 975 880 hiatus
1193 880 1197 913 ὁ

273 904 409 967 Pulcher
423 903 537 984 Hylas,
560 913 702 966 teneram
716 905 826 964 mersit
840 906 873 964 ln
889 923 944 964 ora
959 923 1089 966 manum.

208 990 349 1070 5Vipera
362 988 418 1050 sed
433 1007 524 1050 caeco
540 987 694 1068 scelerata
706 985 827 1050 latebat
840 991 873 1049 iu
887 1006 961 1049 acre
1196 988 1198 1003 '

274 1073 466 1152 Vivebatque
482 1073 581 1133 anima
594 1071 754 1133 deteriore
769 1073 846 1134 fera.

230 1156 301 1218 Nou
314 1158 412 1218 sensit
427 1175 506 1237 puer
521 1175 590 1218 esse
605 1155 711 1235 dolos,
731 1158 793 1218 nisi
807 1157 901 1218 dente
916 1164 1065 1239 recepto,

273 1242 352 1302 Dum
365 1243 467 1322 perit:
490 1261 508 1302 o
523 1241 659 1322 lacinus,
676 1240 755 1302 falsa
770 1240 853 1321 quod
869 1260 942 1302 nraa
955 1240 1031 1303 tuit!

638 1375 707 1438 XX.

232 1487 305 1566 llic,
327 1488 433 1564 Musa,
457 1487 531 1566 quid
545 1498 614 1567 agat
629 1490 743 1550 Gauius
757 1506 843 1548 meus
858 1488 972 1549 Ruina:

230 1570 383 1632 Utrumne
402 1572 517 1632 chartis
533 1572 629 1633 tradit
644 1571 701 1634 ille
715 1573 843 1632 victuris

231 1653 379 1734 Legenda
394 1661 568 1735 temporum
584 1663 652 1716 acta
666 1655 925 1716 Claudianorum?

211 1801 214 1810 ,
231 1739 281 1799 An
297 1757 375 1818 quae
388 1738 506 1800 Neroni
521 1739 616 1800 falsus
631 1741 742 1801 astruit
757 1739 915 1820 scriptor?

208 1823 283 1885 bdu
297 1822 469 1884 aemulatur
482 1824 616 1903 improbi
630 1825 715 1884 iocos
730 1822 889 1884 Phaedri?

231 1906 376 1968 Lascivus
391 1906 489 1987 elegis
506 1927 545 1966 an
558 1926 684 1968 severus
700 1907 830 1968 herois?

230 1991 281 2051 An
295 1992 328 2050 in
342 1992 502 2052 cothurnis
516 1992 661 2052 horridus
677 1989 883 2072 Sophocleis?
903 2040 910 2056 ,,

231 2075 281 2133 An
297 2075 413 2135 otiosus
428 2075 461 2134 in
475 2073 582 2136 schola
595 2082 757 2156 poetaram

230 2156 354 2238 Lepore
368 2160 482 2219 tinctos
497 2159 602 2220 Attico
618 2159 700 2220 sales
713 2159 841 2219 narrat?

189 2241 310 2304 lollinc
326 2243 353 2302 si
366 2243 515 2321 recessit,
536 2245 691 2322 porticum
705 2245 782 2303 terit
795 2239 906 2322 templi

225 2327 280 2387 -An
295 2328 393 2405 spatia
408 2329 508 2407 carpit
522 2325 627 2387 lentus
640 2327 909 2406 Argonautarum?

230 2411 281 2471 An
296 2408 449 2471 delicatae
464 2411 530 2472 sole
545 2431 654 2472 rursus
667 2412 812 2491 Europae

231 2494 317 2554 Inter
330 2501 475 2574 tepentes
489 2502 561 2575 post
580 2495 743 2556 meridiem
758 2496 854 2555 buxos

232 2576 330 2639 Sedet
345 2578 517 2640 ambulatve
529 2579 614 2639 liber
630 2581 751 2640 acribus
767 2579 872 2639 curis?

189 2672 223 2724 15
231 2661 337 2722 Titine
353 2663 482 2723 thermis
497 2684 536 2724 an
550 2662 671 2724 lavatur
685 2663 842 2744 Agrippae

230 2747 281 2807 An
296 2745 443 2828 impudici
456 2747 568 2808 balneo
584 2747 749 2826 Tigillini?

231 2831 281 2891 An
297 2849 371 2890 rure
387 2829 476 2892 Tulli
489 2831 605 2892 fruitur
620 2837 714 2911 atque
727 2830 867 2892 Lucani?

232 2915 282 2974 Αιι
295 2913 435 2976 Polionis
450 2914 539 2976 dulce
556 2917 655 2976 currit
668 2915 708 2975 ad
722 2915 887 2995 quartum?

232 2998 282 3057 An
299 3003 475 3061 aestuantes
488 3001 550 3059 lam
562 3000 723 3080 proiectus
739 2999 778 3059 ad
791 3000 880 3060 Baias

188 3080 324 3160 20Piger
337 3083 471 3144 Lucrino
486 3083 670 3144 nauculatur
682 3085 715 3144 iu
730 3083 862 3164 stagno?

232 3165 311 3245 „Vis
326 3167 408 3228 scire
422 3165 496 3247 quid
512 3174 581 3248 agat
595 3168 709 3228 Canius
724 3168 817 3228 tuus?
844 3165 971 3228 Ridet.“

635 3302 716 3366 XXI.

232 3411 446 3492 Proscriptum
460 3413 593 3475 famulus
607 3415 741 3475 servavit
757 3414 862 3475 lronte
878 3417 993 3474 notato.

273 3494 343 3556 Nou
357 3495 417 3557 fuit
432 3497 509 3559 haec
524 3496 640 3560 domiui
656 3499 733 3567 vita.
754 3496 811 3559 sed
825 3495 947 3562 invidia.
