2442 4209
286 302 626 364 EPIGRAMMATON
638 302 713 364 LlB.
729 302 779 363 lX.
997 301 1057 365 197

111 452 210 515 Nullos
225 452 361 533 denique
375 472 433 533 per
450 453 524 513 deos
540 452 675 533 deasque

109 540 182 599 lurni
197 535 318 612 Gellia,
340 536 397 596 sed
411 555 469 616 per
482 538 622 600 uniones.

92 624 168 686 silos
182 620 397 703 amplectitur,
417 623 474 681 lios
488 621 724 702 perosculstur5

109 708 166 767 Hos
180 707 296 767 iratres
311 714 400 766 voest
414 712 447 765 ei
460 712 550 766 vocet
563 724 705 785 sorores,

107 792 165 851 llos
178 791 259 851 neiis
279 796 360 850 emet
374 791 474 850 scrius
489 788 616 851 (luobus.

107 876 157 935 llis
169 877 197 935 si
213 894 273 954 quo
290 880 394 934 cureat
407 873 525 935 misello
540 893 628 952 coru,

106 960 254 1023 Victuram
269 966 365 1037 neget
378 976 447 1019 esse
462 977 496 1019 se
510 976 569 1018 nco
581 959 698 1019 horem.

75 1044 198 1120 ΙοΕΙιιιι,
221 1063 310 1122 quom
325 1044 405 1103 bene
420 1062 517 1119 nuuc,
537 1043 719 1123 Pupiniam,

106 1128 216 1187 Annaei
231 1128 352 1188 feceret
368 1146 472 1187 munus
488 1127 615 1187 Sereni!

459 1261 607 1324 LXXXll.

105 1373 195 1434 liontc
211 1374 269 1433 tibi
283 1375 374 1435 turbe
389 1372 553 1453 querulae,
576 1377 732 1453 Auguste,
753 1372 895 1454 libellos,

141 1458 201 1517 Nos
216 1476 338 1537 quoque
354 1457 438 1537 quod
452 1458 574 1519 domino
590 1461 725 1519 carmine
737 1479 829 1540 perso
845 1459 964 1539 dumus,

105 1540 192 1601 Posse
209 1540 301 1601 deum
316 1544 408 1602 rebus
423 1544 541 1622 puriter
556 1544 717 1622 Musisque
732 1564 841 1604 vocure

143 1624 276 1703 Scimus,
296 1633 329 1686 et
342 1627 419 1686 boec
434 1628 525 1687 etium
544 1634 628 1688 serto
644 1627 770 1708 placere
784 1630 851 1694 tihi.

88 1706 163 1769 sior
175 1716 276 1787 votes,
296 1711 450 1790 Auguste,
472 1718 557 1771 tuos:
578 1732 635 1772 nos
650 1710 750 1791 glorie
767 1710 883 1791 dulcis,

141 1794 202 1853 Nos
216 1800 268 1854 tuo
283 1814 356 1855 curu
369 1796 457 1876 prior
474 1794 667 1875 deliciaeque
681 1816 794 1858 sumus.

105 1876 167 1937 Non
184 1896 316 1958 quercus
332 1886 364 1939 te
380 1878 445 1940 solo
460 1878 568 1958 decet,
589 1899 648 1941 nec
663 1879 771 1941 loures
787 1881 923 1942 Phoebi:

139 1959 209 2023 Fiet
222 1970 254 2023 et
269 1982 307 2023 ex
320 1962 437 2023 hedera
454 1965 549 2024 civico
562 1972 669 2025 nostro
683 1966 749 2026 tibi.

437 2224 506 2233 mun-
511 2224 625 2233 α-..η--ι

269 2488 272 2493 .
304 2427 349 2499 ιι.
379 2427 488 2524 ιιι.1
511 2428 767 2501 nourrius

218 2594 851 2695 iiiiiiliiiiliiiii

418 2781 654 2844 LIBERIX.

104 2967 194 3046 Note,
214 2966 292 3029 licet
306 2967 403 3048 nolis,
424 2966 545 3029 sublimi
559 2976 690 3051 pectore
705 2976 805 3041 votes,

142 3053 197 3112 (lui
211 3054 331 3129 referet
346 3072 434 3114 seros
448 3056 585 3133 proemio
599 3052 691 3132 digus
705 3055 799 3130 cinis,

104 3135 168 3196 Hoc
182 3138 238 3197 iibi
252 3140 307 3198 sub
322 3144 429 3198 nostro
443 3139 538 3199 breve
552 3157 677 3199 cormen
692 3139 826 3216 imagine
839 3138 937 3215 vivet,

141 3221 233 3297 Quem
246 3241 309 3282 uon
325 3222 464 3283 obscuris
478 3224 595 3301 iungis,
618 3223 726 3299 civite,
748 3224 839 3282 viris:

70 3300 146 3363 illle
160 3326 215 3387 ego
229 3326 299 3367 sum
315 3306 400 3368 nulli
411 3326 569 3389 nugarum
585 3307 681 3367 laude
694 3306 868 3383 socundus,

145 3387 316 3462 Quemrron
331 3391 471 3467 miraris,
492 3392 550 3450 sed
558 3399 656 3470 puto,
678 3391 795 3468 lector,
816 3408 914 3450 amos.

104 3469 232 3533 Maiores
245 3477 366 3535 maiora
379 3483 508 3534 sonent:
529 3474 605 3535 mibi
611 3494 714 3554 paroc
728 3474 833 3536 locuto

143 3553 265 3635 Sufficit
280 3560 313 3619 in
327 3568 450 3618 cestros
466 3578 559 3640 coepe
573 3558 677 3619 redire
691 3578 814 3619 monus,
