2442 4209
253 392 260 405 ,
294 334 635 396 EPIGRAMMATON
648 336 722 399 LIB.
739 337 789 400 lX.
1003 338 1070 407 201

112 486 224 545 Dicunt
239 487 387 547 Eiarinon
404 493 505 546 tamen
520 494 647 567 poetae,

112 569 173 629 Sed
188 570 302 631 Graeci
309 587 327 648 ,·
341 570 450 649 ‹fuibm
466 570 607 630 estnihil
622 579 764 651 negatum

76 654 148 717 lolli
163 674 238 733 quos
248 640 342 727 Ἀρες
362 646 457 729 Ἆρες
471 653 564 714 decet
578 674 699 716 sonare.

110 738 205 798 Nobis
218 756 282 797 non
295 735 373 797 licet
387 755 457 797 esse
471 743 533 797 tam
548 737 692 818 disertis,

45 898 47 911 .
110 822 169 899 Qui
181 822 287 882 Musas
303 819 431 881 colimus
446 822 631 885 severiores.

511 954 576 1016 ΧΠ.

111 1054 142 1113 Si
158 1052 247 1113 daret
261 1059 441 1113 auctumuus
456 1053 531 1113 mihi
546 1072 676 1130 nomeu,
699 1055 854 1135 Oporinos
869 1073 987 1118 easemt

150 1136 288 1197 Horrida
305 1138 331 1196 si
345 1138 471 1197 brumae
489 1136 608 1216 sidera,
631 1139 835 1199 chimerinos.

111 1222 216 1281 Dictus
232 1222 270 1280 ab
286 1222 402 1281 aestivo
419 1220 576 1281 Therinos
590 1224 648 1281 tibi
662 1241 769 1282 mense
784 1241 926 1282 vocarer:

151 1305 308 1385 Tempora
322 1306 496 1365 cuinomen
510 1322 606 1365 verna
620 1304 755 1385 dedere,
777 1306 846 1385 quis
860 1308 930 1366 esti
1025 1366 1034 1384 ‚

202 1474 225 1511 .
495 1438 587 1501 ·x111.

110 1536 226 1597 Nomen
240 1538 337 1599 habes
352 1539 455 1597 teneri
471 1536 553 1617 quod
571 1544 711 1617 tempora
724 1545 880 1618 nuncupat
894 1541 982 1618 anni,

149 1621 228 1681 Cum
243 1622 339 1681 breve
356 1621 527 1702 Cecropiae
541 1640 597 1681 ver
612 1619 800 1701 populantur
817 1640 907 1702 apes3

110 1704 226 1764 Nomen
240 1703 381 1765 Acidalia
394 1706 509 1765 meruit
523 1704 606 1783 quod
621 1704 771 1765 arundine
788 1707 891 1785 pingi,

148 1788 238 1865 Quod
254 1789 412 1869 cytherea
426 1809 480 1849 rua
497 1790 636 1848 scribere
652 1787 766 1867 gaudet
779 1808 853 1862 acu;

92 1872 226 1933 5Nomen
239 1873 423 1953 Erythraeis
438 1872 520 1952 quod
534 1870 643 1933 littera
659 1873 740 1933 facta
753 1871 884 1953 lapillis,
936 1872 942 1881 '

146 1957 276 2017 Gemma
291 1956 374 2036 quod
389 1955 553 2035 Heliadum
567 1956 683 2037 pollice
697 1958 773 2017 trita
788 1960 893 2029 notet;

111 2039 193 2116 Quod
208 2042 303 2121 pinna
318 2042 475 2101 scribente
491 2058 583 2118 grues
599 2040 637 2099 ad
652 2039 755 2101 sidera
772 2038 902 2113 tollunt3

147 2124 238 2201 Quod
255 2123 347 2185 decet
360 2126 392 2184 in
408 2122 474 2184 sola
493 2125 635 2185 Caesaris
650 2142 719 2186 esse
735 2123 835 2185 domo.

385 2272 389 2285 =
503 2259 584 2321 xiv.
631 2327 636 2335 ,

110 2356 213 2434 Hunc,
236 2375 327 2436 quem
344 2376 449 2417 mensa
463 2358 537 2437 tibi,
560 2376 651 2437 quem
670 2376 747 2419 cena
761 2357 880 2438 paravit
893 2358 1023 2418 amicum

145 2440 224 2500 Esse
238 2448 328 2520 putas
342 2440 423 2500 iirlae
438 2448 547 2520 pectus
562 2442 737 2502 amicitiae?

110 2524 221 2603 Aprum
236 2531 316 2584 amat
331 2530 364 2585 et
377 2523 490 2584 mullos
506 2531 540 2586 et
553 2545 660 2586 sumen
675 2532 709 2586 et
723 2532 843 2604 ostrea,
864 2544 926 2584 non
940 2531 982 2587 te.

147 2608 226 2667 Tam
240 2610 322 2668 bene
338 2610 363 2667 si
381 2627 506 2687 cenem,
526 2616 635 2670 noster
650 2611 764 2670 amicus
779 2611 849 2670 erit.

505 2743 573 2805 XV.

108 2841 262 2922 Inscripsit
275 2841 401 2902 tumulis
415 2849 534 2924 septem
549 2842 703 2905 scelerata
715 2844 850 2904 virorum

145 2924 208 3003 „Se
222 2926 360 2987 iecisse“
375 2925 484 2989 Chloe.
515 2927 596 3005 Quid
609 2934 685 3009 pote
699 2925 892 3007 simplicius?

501 3062 582 3125 XVI.

110 3156 274 3217 Consilium
289 3159 423 3236 formae,
445 3158 620 3240 speculum,
637 3159 808 3240 dulcesque
821 3157 951 3240 capillos

145 3240 314 3320 Pergameo
327 3245 432 3323 posuit
444 3244 525 3305 dona
539 3251 658 3305 sacrata
672 3243 732 3304 deo

109 3320 161 3385 llle
174 3343 253 3405 puer
267 3331 334 3386 tota
349 3327 473 3388 domino
488 3330 680 3407 gratissimus
694 3327 779 3406 aula,

148 3410 277 3469 Nomine
292 3412 344 3489 qui
357 3412 459 3491 signat
471 3418 614 3493 tempora
627 3430 721 3472 verua
735 3432 799 3474 suo.

90 3488 206 3571 siclis,
229 3513 306 3573 quae
320 3494 375 3555 tuli
392 3503 537 3557 censetur
551 3515 679 3557 munere
693 3495 800 3556 tellus!

20 3620 21 3655 ι
145 3575 209 3637 Nec
224 3578 437 3658 Ganymedeas
452 3579 559 3641 mallet
575 3581 692 3641 habere
707 3600 818 3640 comas.
