2442 4209
290 320 635 385 EPIGRAMMATON
646 321 722 388 LIII.
739 321 776 382 II.
1015 320 1058 386 45

105 479 176 542 iisse
190 481 238 538 set
250 481 300 538 est
315 493 453 554 servum,
475 475 536 536 Ium
549 471 622 536 nolo
636 472 768 536 vicarius
784 492 864 536 esse.

141 561 199 636 Qui
212 578 269 623 rex
283 565 349 638 est,
370 577 493 667 regem,
514 558 668 640 Maxime,
688 577 751 620 uon
765 558 889 621 hebent.

497 705 578 770 XIX.

104 819 239 884 Felicem
252 819 325 882 fleri
341 818 445 881 credis
459 837 526 897 me,
547 816 656 896 Zoilo,
677 836 769 878 eene:

138 903 280 967 Felicem
294 922 388 983 cene,
409 903 520 966 Zoilei
550 901 665 964 deinde
681 902 756 963 tuo?

104 990 200 1052 Debet
212 989 344 1050 Aricino
359 988 484 1048 convivo
498 987 682 1048 recumbere
696 984 793 1065 clivo,

140 1074 237 1153 Quem
254 1077 309 1134 tuo
322 1068 466 1150 felicem,
483 1068 591 1150 Zoilo,
614 1089 691 1132 cem
704 1070 789 1134 fecit.

501 1217 569 1281 XX.

102 1331 241 1396 dormine
254 1329 372 1394 Psulus
386 1332 477 1410 emit,
498 1331 613 1390 recitet
627 1348 681 1390 sue
696 1330 831 1392 curmiuu
844 1329 966 1394 Paulus

138 1416 214 1478 Nem
230 1415 316 1497 quod
330 1419 430 1495 emes,
450 1416 552 1496 possis
565 1415 635 1474 iure
650 1430 763 1475 vocure
777 1419 873 1480 tuum.

500 1561 572 1624 XXI

101 1677 186 1740 Betis
200 1677 257 1740 dus
271 1676 356 1756 aliis,
378 1673 447 1738 uiti·
463 1674 535 1755 dos,
556 1677 721 1755 Postume,
744 1675 894 1737 dextrum.

138 1764 224 1826 IIIeis
239 1762 375 1842 „Utrum
391 1761 509 1822 mocisi
531 1758 649 1839 elige.“
678 1759 763 1821 Molo
777 1779 908 1824 monum.

498 1921 591 1983 XXII.

101 2035 178 2114 Quid
192 2036 273 2097 mihi
286 2036 443 2096 vobiscum
458 2041 523 2114 est,
545 2056 562 2096 o
577 2035 707 2096 Phoebe
725 2051 897 2114 novemque
911 2051 1040 2095 sorores

137 2121 223 2181 Ecce
240 2125 337 2181 nocet
350 2120 410 2180 voti
426 2119 516 2180 Musa
530 2120 637 2180 iocoso
651 2137 716 2179 suo.

100 2203 232 2265 DImidio
247 2204 339 2263 nobis
357 2201 431 2263 dore
445 2202 609 2264 Postumus
625 2208 697 2263 onte
711 2199 832 2264 solebat

137 2287 244 2367 Basia,
267 2305 349 2347 nunc
365 2284 452 2347 labro
468 2289 572 2370 coepit
587 2294 721 2367 utroque
737 2285 822 2348 dare.

484 2449 591 2516 XXIII.

99 2561 164 2622 Non
182 2561 303 2641 dicum,
324 2559 403 2622 lieet
415 2582 513 2644 usque
530 2584 579 2627 mc
594 2567 727 2645 rogetis,

100 2646 171 2723 Quis
187 2647 231 2707 sit
243 2647 409 2707 Postumus
425 2648 459 2707 iu
472 2666 541 2708 meo
555 2647 682 2728 libello,

98 2729 164 2790 Non
180 2729 300 2792 dicem:
324 2729 399 2810 quid
415 2732 499 2792 enim
512 2733 587 2793 mihi
604 2751 735 2794 necesse
749 2740 799 2795 est

100 2813 160 2874 Ilus
175 2813 343 2875 offendere
357 2815 562 2896 basiationes,

82 2898 186 2975 tQuue
200 2917 237 2958 sc
255 2904 319 2959 tom
333 2899 416 2959 bene
429 2899 587 2962 vindicare
601 2901 754 2982 possunt?

486 3048 596 3113 XXIV.

102 3158 133 3219 Si
146 3160 204 3222 det
218 3161 330 3240 inique
341 3161 401 3222 tibi
415 3162 537 3222 tristem
552 3162 679 3223 fortune
690 3168 826 3243 rectum,

139 3243 312 3325 Squalidus
325 3244 463 3307 haerebo
478 3243 686 3328 pullidiorque
700 3267 774 3308 reo:

101 3326 132 3387 Si
144 3330 257 3391 iubeat
269 3330 373 3409 putris
387 3329 560 3392 demnatum
576 3328 731 3393 excedere
746 3338 848 3410 cerro,

139 3411 206 3473 Per
222 3413 322 3491 fretu,
344 3432 403 3494 per
417 3414 559 3496 scopulos
573 3413 672 3477 exulis
685 3418 738 3478 ibo
754 3435 868 3481 eomes.

81 3495 156 3556 coac
170 3497 235 3557 tibi
250 3495 381 3560 divitius.
411 3499 559 3579 „Ecquid
568 3506 641 3561 sunt
654 3502 714 3561 isto
728 3499 904 3562 duorumI“

138 3581 202 3640 Dos
220 3582 366 3661 purtem?
391 3581 547 3661 „Multum
561 3584 642 3644 est.“
679 3584 835 3664 Candide,
855 3585 910 3644 des
924 3581 1063 3664 uliquidi
