2442 4209
308 269 651 373 arianammauon
663 311 738 373 mn.
753 312 792 375 x.
913 308 916 314 ’
1006 311 1073 376 249

118 465 258 525 Promisit
271 466 391 545 pariter
405 483 440 524 se
455 461 578 542 Phyllis
593 465 719 542 utrique
734 462 889 541 daturam,

155 550 195 609 ut
209 547 312 609 dedit:
333 547 390 608 ille
404 547 516 629 pedem
532 546 672 625 sustulit,
693 548 745 606 hic
759 549 903 609 tunicam}

477 680 625 742 LXXXII.

26 824 28 853 r
117 782 233 861 Siquid
248 789 355 843 nostra
369 782 430 841 tuis
445 780 540 841 adicit
554 768 675 841 velatio
688 782 798 858 rebus,

26 872 28 887 ¹
154 867 246 926 Mane
263 864 315 925 vel
330 886 347 925 a
360 864 462 925 media
478 871 570 925 nocte
586 869 707 943 togatus
722 884 793 943 cro,
819 931 823 935 ,

26 1010 27 1013 ,
117 949 349 1029 Stridentesque
366 950 463 1010 ieram
477 950 568 1009 flatus
583 948 736 1028 aquilonis
750 950 848 1029 iniqui

26 1032 28 1103 ι
153 1034 195 1093 nt
207 1036 307 1115 patiar
321 1035 440 1093 nimbos
453 1035 664 1113 excipiamque
679 1034 775 1095 nives.

26 1112 27 1149 ³
102 1116 178 1179 tSed
192 1120 219 1177 si
233 1109 296 1179 don
309 1120 363 1178 liar
379 1118 548 1197 quadrante
563 1118 685 1177 heatior
700 1136 760 1176 uno

153 1202 215 1262 Per
229 1204 361 1281 gemitus
376 1209 499 1267 nostros
512 1202 723 1281 ingenuasque
738 1221 862 1279 cruces,

118 1287 224 1365 Parce,
245 1304 374 1367 precor,
394 1286 478 1345 fesso
492 1303 649 1365 vanosque
663 1286 788 1345 remitte
803 1285 942 1364 labores,

155 1372 211 1448 Qui
226 1372 284 1431 tibi
299 1389 361 1429 non
374 1376 507 1449 prosunt
520 1378 554 1428 ct
568 1370 658 1447 mihi,
681 1368 789 1447 Galle,
810 1380 933 1431 nocent.

467 1503 629 1565 cxxxiii.

119 1602 208 1662 Raros
220 1601 345 1681 colligis¹
356 1604 429 1663 hinc
444 1609 477 1663 et
492 1605 564 1664 hinc
580 1602 712 1683 capillos

118 1685 156 1745 ut
169 1686 261 1747 latum
275 1687 407 1764 nitidae,
429 1688 567 1765 Mariua,
589 1686 693 1749 calvae

62 1788 68 1804 ·
120 1769 259 1851 Campum
274 1773 466 1851 temporibus
482 1772 561 1850 tegis
577 1774 720 1832 comatis:

28 1854 29 1927 3
121 1852 178 1914 Sed
191 1857 265 1915 moti
279 1856 414 1917 redeunt
427 1856 554 1915 iubente
568 1861 661 1915 vento

102 1936 356 2018 aliedduntnrquc
371 1940 429 1999 sihi
446 1947 598 2020 caputque
613 1939 727 1999 nudum

122 2022 213 2083 Cirris
227 2023 397 2103 grandibus
407 2025 480 2083 hinc
499 2021 621 2083 atinde
636 2025 770 2103 cingunt.

120 2106 197 2167 Inter
211 2107 468 2189 Spendophorum
485 2107 774 2187 Telesphorumque

119 2189 215 2269 (lydae
230 2200 313 2252 stare
328 2193 450 2272 putabis
464 2192 683 2251 Hermerotem

121 2274 194 2349 Quin
210 2282 243 2336 tu
257 2276 426 2355 simplicius
441 2295 547 2336 senem
562 2276 687 2354 fateris,

88 2358 159 2419 ltUt
172 2360 292 2420 tandem
307 2359 441 2419 videaris
458 2379 535 2420 unus
551 2361 643 2420 esse?

98 2440 104 2455 ⁸
123 2441 205 2503 Calvo
219 2446 339 2525 turpius
357 2442 498 2504 estnihil
513 2451 640 2505 comato.

464 2578 628 2641 LXXXIV.

121 2672 251 2755 Miraris,
274 2695 370 2756 quare
385 2676 548 2736 dormitum
564 2696 625 2736 non
641 2684 692 2737 eat
705 2678 804 2737 Afer?

157 2759 321 2829 Accumbat
337 2780 405 2820 cum
420 2781 495 2839 qua,
519 2760 720 2839 Caedicium,
741 2761 838 2821 vides.

471 2873 624 2937 LXXXV.

30 2996 32 3034 ι
122 2966 175 3029 Ιιιιι
191 2972 294 3031 senior
308 2970 416 3031 Ladon
431 2972 600 3032 Tiberinae
613 2978 706 3032 nauta
723 2972 845 3032 carinae

30 3056 31 3133 ζ
156 3054 294 3115 Proxima
308 3054 432 3116 dilectis
445 3077 518 3117 rura
532 3058 651 3137 paravit
666 3057 762 3135 aquis.
846 3098 849 3102 -

29 3136 31 3259 q
121 3137 196 3214 Quae
212 3159 279 3199 cum
295 3158 388 3219 saepe
402 3160 495 3219 vagus
510 3146 671 3221 premeret
687 3142 878 3201 torrentibus
895 3138 986 3200 undis

29 3264 33 3293 ι
157 3222 259 3283 Tibris
274 3230 307 3283 et
321 3225 452 3284 hiberno
466 3232 628 3305 rumperet
641 3245 711 3285 arva
722 3223 807 3302 lacu,

29 3301 31 3368 i
104 3305 280 3367 alimeritam
295 3310 438 3387 puppim,
459 3310 528 3388 ripa
543 3328 621 3389 quae
636 3310 737 3368 stabat
751 3310 785 3368 in
802 3307 879 3386 alta,

30 3389 31 3459 ἶ
159 3390 299 3471 implevit
312 3393 391 3451 saxis
408 3395 614 3473 opposuitque
628 3392 722 3460 vadis.

30 3486 33 3550 ι
122 3472 166 3533 Sic
179 3477 286 3535 nimias
303 3478 415 3535 avertit
429 3496 530 3555 aquas.
564 3478 640 3554 Quis
656 3478 788 3537 credere
802 3477 931 3557 posset?

158 3558 309 3620 Auxilium
326 3560 449 3621 domino
464 3580 564 3622 mersa
579 3564 682 3622 carina
697 3560 778 3622 tulit.
