2442 4209
159 360 222 427 278
485 361 529 422 Μ.
544 361 637 423 VAL.
656 360 884 423 MARTlALlS
980 376 985 381 ·

643 565 722 627 xci.

244 676 394 740 Aeolidos
410 678 532 739 Ganace
545 679 628 738 iacet
640 679 700 738 hoc
717 676 869 739 tumulata
882 677 1035 757 sepulcro,

286 760 404 825 Ultima
418 764 469 823 cul
481 780 595 843 parvae
609 764 741 843 septima
754 763 840 822 venit
852 762 960 822 hiems.

245 847 296 908 An
309 845 429 923 scelus,
451 847 490 906 ab
503 846 641 906 facinus!
662 865 814 927 properus
829 845 903 926 quid
919 848 1013 925 flere,
1033 844 1132 905 viatori

289 929 359 991 Non
370 928 449 990 licet
461 930 513 990 hic
528 931 611 991 vitae
625 928 665 991 de
682 932 836 992 brevitate
850 932 950 1010 queri.

223 1014 386 1079 o'rristius
402 1020 452 1074 est
464 1013 531 1075 leto
545 1012 605 1075 leti
620 1033 735 1094 genus:
757 1014 888 1076 horrida
901 1014 1002 1075 voltus

287 1095 428 1159 Abstulit
445 1105 479 1159 et
494 1106 604 1160 tenero
619 1098 703 1160 sedit
716 1102 749 1159 in
765 1099 919 1179 omlnes,

245 1181 376 1265 Ipsaque
393 1180 537 1243 crudeles
552 1181 687 1244 ederunt
702 1182 810 1244 oscula
823 1186 939 1260 morbi,

288 1265 356 1326 Nec
370 1264 443 1327 data
456 1272 528 1327 sunt
541 1269 640 1347 nigris
654 1276 721 1328 toto
736 1266 851 1329 labella
864 1270 958 1347 rogis.

246 1349 281 1411 si
294 1356 358 1410 um
370 1352 536 1432 praecipiti
548 1352 675 1412 inerant
688 1357 819 1413 ventura
833 1353 952 1430 volatu,

206 1444 240 1497 1⁰
288 1434 470 1497 Debuerant
484 1434 546 1496 alia
560 1436 624 1496 fata
637 1438 746 1497 venire
761 1440 817 1499 via.

247 1516 312 1579 Sed
326 1538 409 1579 mors
424 1521 508 1580 vocis
525 1522 587 1580 iter
598 1522 778 1601 properavit
794 1520 921 1583 cludere
935 1518 1077 1596 blandae,

288 1601 336 1663 Ne
350 1610 459 1683 posset
469 1602 567 1665 duras
581 1605 713 1665 flectere
727 1604 833 1685 lingua
848 1604 931 1666 deas.

641 1739 733 1801 xcli.

245 1849 401 1913 Mentitur
419 1850 518 1928 quite
533 1850 693 1929 vitiosum,
714 1850 821 1930 Zoile,
845 1851 929 1911 dicit.

287 1932 356 1995 Non
371 1933 498 1994 vitiosus
512 1934 603 1994 homo
619 1952 670 2013 es,
692 1935 799 2014 Zoilo,
821 1934 878 1995 sed
891 1937 1005 1996 vitium.

533 2121 536 2126 .
630 2070 736 2133 x0111.

247 2186 369 2247 Pierios
382 2188 460 2249 vatis
475 2187 638 2249 Theodori
652 2190 773 2250 flamma
784 2195 914 2269 penates

288 2269 437 2335 Abstulit.
467 2272 537 2333 lloc
551 2273 652 2333 Musis
667 2280 700 2334 et
716 2275 791 2353 tibiq
811 2272 958 2350 Phoebe,
979 2269 1100 2352 placet?
1201 2305 1203 2342 r

246 2355 273 2416 0
292 2354 410 2433 scelus,
433 2376 452 2416 o
469 2376 611 2435 magnum
628 2358 748 2419 lacinus
764 2359 945 2436 crimenque
960 2354 1100 2432 deorum,
1201 2353 1202 2372 ¹

287 2438 356 2500 Non
371 2440 449 2499 arsit
462 2443 582 2522 pariter
598 2442 682 2521 quod
697 2441 804 2503 domus
818 2450 851 2503 et
866 2440 1021 2501 domiuus!
1201 2449 1202 2524 ff

629 2576 738 2638 x01v.

247 2684 337 2763 Quod
350 2688 477 2747 nimium
489 2687 567 2749 lives
581 2691 697 2749 nostris
712 2696 745 2749 et
756 2690 871 2768 ubique
885 2687 1005 2748 libellis

290 2770 454 2851 Detrsbis,
476 2775 621 2850 ignosco:
642 2792 739 2854 verpe
752 2780 862 2853 poeta,
885 2774 976 2853 sapis.

247 2854 317 2913 lloc
332 2874 455 2934 quoque
469 2875 532 2916 non
548 2877 642 2935 curo,
668 2856 753 2937 quod
773 2878 841 2917 cum
856 2876 924 2917 mea
939 2857 1072 2916 carmina
1085 2868 1182 2930 corpu,

289 2938 459 3019 compilor:
479 2948 512 3001 et
529 2944 590 3018 sic,
612 2960 709 3021 verpe
723 2951 833 3023 poeta,
851 2943 942 3022 sapis.
991 2934 996 2941 ¹

228 3020 335 3084 osslud
348 3042 398 3083 me
414 3026 547 3104 cruciat,
570 3022 705 3105 Solymis
720 3025 804 3106 quod
817 3032 906 3084 natus
921 3026 955 3085 in
968 3028 1044 3107 ipsis

289 3106 437 3169 Paedicas
451 3128 597 3191 puerum,
612 3128 708 3190 verpe
722 3119 831 3190 poeta,
852 3129 965 3173 meum.

246 3189 329 3251 Ecce
344 3210 439 3272 negas
453 3196 599 3273 iurasque
614 3196 691 3254 mibi
704 3212 763 3273 per
777 3193 895 3274 templa
909 3194 1068 3254 Tonantis.

287 3273 357 3333 Non
371 3275 481 3337 credo:
501 3281 584 3358 iura,
605 3296 718 3358 verpe,
740 3297 799 3359 per
813 3276 1006 3339 Anchialum.

637 3426 732 3488 XCV.

246 3534 397 3596 Incideris
413 3538 557 3615 quotiens
571 3538 605 3596 in
621 3537 708 3597 basia
723 3536 921 3615 tellatorum,

288 3618 323 3680 ln
337 3618 447 3679 solium
460 3626 536 3699 puta
549 3626 582 3679 te
600 3638 763 3701 mergere,
784 3620 916 3693 Flacco,
938 3627 1039 3700 caput.
