2442 4209
167 318 228 385 iso
296 276 301 285 ⁸
487 321 531 384 n.
547 320 641 383 vm.
658 272 885 381 nmmos

252 474 400 535 Omnibus
416 473 554 550 arrides,
575 470 708 533 dicterio
721 470 800 531 dieis
814 474 846 533 in
860 492 985 549 omnes;
1099 494 1103 497 ·

294 558 345 617 Sic
360 564 393 617 te
408 558 563 617 convivam
576 575 669 636 posse
683 556 810 637 plaeere
822 563 922 637 putes.

228 644 295 703 bAt
309 642 336 701 si
354 658 412 720 ego
427 660 489 701 non
502 639 603 719 belle,
626 640 682 700 sed
695 658 771 700 vere
785 640 894 703 dixero
911 641 1068 721 qniddssn,

249 794 257 810 ο
291 724 388 785 Nemo
403 726 596 805 propinabit,
619 722 813 802 csiliodore,
831 726 898 787 tibi.

640 857 734 920 XLV.

249 971 398 1049 Lusistis‚
420 960 494 1033 selis
509 977 574 1032 est:
595 971 702 1031 lascivi
718 971 949 1036 nubiteeunniz

294 1055 449 1115 Permissa
463 1063 512 1115 est
526 1056 617 1114 nobis
630 1074 693 1115 non
710 1057 771 1115 nisi
786 1061 870 1116 essts
883 1055 1000 1117 Venus.

251 1140 337 1199 Hseo
352 1146 400 1199 est
416 1144 499 1199 ceste
513 1139 643 1199 Venus?
661 1140 751 1200 nubit
763 1138 910 1201 Laetoria
925 1138 1047 1219 Lygdo:

199 1254 202 1261 ·
293 1223 430 1302 'l'nrpIor
443 1242 520 1282 uxor
535 1222 614 1299 erit,
633 1242 725 1301 quem
738 1221 829 1283 modo
844 1224 973 1286 moecho
985 1223 1052 1283 fuit.

632 1356 740 1421 XLVI.

251 1468 386 1550 Vapulat
400 1468 521 1529 assidue
535 1469 640 1529 veneti
655 1467 803 1547 quadriga
815 1466 956 1547 flagello,

292 1554 358 1614 Nec
373 1555 485 1612 currit:
505 1571 644 1631 magnam
657 1571 740 1630 rem,
762 1553 908 1630 catione,
928 1554 1014 1615 fecis.

629 1684 750 1762 xnvn.

250 1802 406 1884 Nympho,
428 1802 489 1861 mei
504 1800 623 1863 Stellae
639 1820 716 1880 quoe
730 1801 819 1861 fonte
833 1801 1003 1862 domestice
1016 1822 1093 1881 puro

294 1886 420 1946 Laberis
436 1892 469 1946 et
483 1884 599 1946 domini
613 1904 752 1963 gemmea
766 1892 849 1945 teoto
863 1888 963 1963 subis,
1059 1954 1069 1970 ,Ι
1201 1947 1203 1954 ,

254 1971 325 2031 Sive
341 1970 455 2029 Numae
471 1971 602 2029 coniunx
618 1970 744 2029 'I'rivise
759 1978 791 2029 te
806 1971 890 2029 misit
905 1972 941 2032 ab
956 1972 1072 2047 antris,
1201 1995 1203 1998 ·

296 2054 368 2114 Sive
383 2054 585 2114 Camenarum
600 2052 640 2113 de
654 2072 750 2133 grege
764 2072 846 2113 nom
858 2055 959 2114 venis:

229 2135 378 2201 blIxolvit
390 2139 470 2197 votis
484 2138 542 2197 hnc
555 2156 590 2197 se
605 2139 664 2198 tibi
678 2139 797 2216 virgine
811 2156 907 2217 poree

197 2284 199 2289 ,
294 2222 435 2299 Marcus,
456 2222 601 2283 furtivam
616 2220 699 2301 qnod
712 2222 793 2281 bibit
809 2240 902 2300 aeger
919 2243 1036 2302 equom.

252 2306 302 2367 ‘ru
317 2311 464 2365 contenta
476 2324 547 2366 meo*
560 2308 619 2366 ism
637 2306 766 2364 erimine
781 2304 889 2383 gandia
903 2308 999 2367 fontis

294 2388 339 2447 De
353 2408 463 2449 seeum
480 2391 542 2449 tui:
565 2391 606 2449 sit
620 2389 783 2449 mibisnns
797 2391 874 2451 sitis.

616 2522 750 2585 XLVIII.
870 2516 873 2521 ’

251 2632 342 2711 Quod
355 2640 418 2695 tam
433 2634 549 2715 grande
565 2637 681 2716 sophos
695 2633 807 2699 clamas
821 2637 878 2697 tibi
894 2639 984 2699 turbs
997 2645 1125 2719 togate,

294 2717 363 2779 Non
377 2726 427 2799 tn,
449 2720 616 2800 Pomponi,
638 2738 715 2781 cens
729 2718 846 2785 diserto
858 2727 911 2782 ins
926 2729 983 2785 est.
1098 2797 1100 2800 v

507 2852 510 2859 '
638 2867 742 2929 mix.

252 2980 322 3042 Non
337 3002 403 3042 sum
418 2981 457 3041 de
472 2981 575 3060 fragili
590 2981 712 3045 dolatus
726 2982 828 3062 ulmo,

251 3064 317 3125 Nec
333 3084 410 3143 quse
425 3074 487 3125 stat
500 3065 601 3145 rigide
615 3068 723 3147 supine
737 3087 830 3144 vens,

251 3147 298 3208 De
312 3147 397 3227 ligno
411 3152 486 3211 mihi
500 3149 640 3230 quolibet
654 3150 795 3213 columne
809 3158 874 3229 est,

251 3231 315 3291 Sed
329 3235 395 3293 viva
410 3241 557 3312 generato
571 3232 611 3294 de
626 3254 790 3315 cupressu:

229 3316 339 3393 5Qnse
355 3336 413 3377 nee
427 3316 547 3378 soeculo
562 3320 702 3379 centiens
716 3328 859 3399 peracte,

252 3400 318 3460 Nec
330 3398 443 3479 longae
457 3403 571 3461 cariem
584 3403 675 3463 timet
689 3410 844 3465 seneetse.

253 3485 341 3545 Hono
355 3494 405 3562 tu,
428 3486 565 3564 quisquis
582 3504 632 3563 es,
655 3485 802 3564 omeliis,
823 3488 941 3549 timeto.

253 3569 329 3630 Nom
344 3570 370 3629 si
384 3567 435 3629 vel
449 3569 590 3629 miuimos
604 3590 696 3631 monn
710 3574 816 3651 rapaci
