2442 4209
464 339 509 403 Μ.
524 339 617 402 VAL.
635 338 860 398 MAR'I'IALIS
883 393 889 400 .

605 539 715 602 XXXI.

224 656 290 715 Hos
304 652 379 730 tibi,
398 654 542 734 Phoebe,
563 661 656 716 vovet
667 660 752 715 totos
767 674 785 713 a
797 648 919 713 uertice
933 651 1037 713 crines

266 735 440 817 Encolpus,
462 737 578 799 domini
592 739 784 799 centurionis
798 755 893 798 amur.
940 773 944 776 -

225 824 321 884 (irate
333 821 459 894 I'udens
474 825 578 882 meriti
592 821 702 883 tulerit
716 842 783 882 cum
798 822 935 902 praemia
951 819 1026 901 pili,

266 908 362 985 Quam
376 907 508 986 primurn
521 905 646 986 longas,
668 906 811 982 Phoebe,
832 904 940 965 recide
955 922 1074 983 comes,

201 993 302 1055 5Dum
316 989 400 1050 nulla
411 991 519 1051 teneri
533 991 663 1051 sordent
676 991 820 1068 lanugine
835 986 938 1050 voltus

265 1077 406 1154 Dumque
422 1073 537 1135 decent
552 1075 639 1134 fusae
653 1074 754 1135 lactea
769 1071 851 1134 colla
863 1074 972 1149 iubae3

223 1161 327 1239 thue
342 1160 404 1219 tuis
421 1156 550 1238 longum
565 1159 767 1238 domiuusque
782 1175 924 1238 puerque
938 1157 1083 1218 fruantur

265 1244 464 1322 Muneribus,
482 1248 604 1304 tonsum
618 1245 667 1303 fac
684 1245 763 1326 citp,
784 1261 855 1302 sero
872 1243 979 1301 virum.

599 1377 722 1438 XXXII.

224 1492 294 1553 Non
308 1513 374 1552 amc
389 1499 438 1570 tc,
460 1491 582 1570 Sabidi,
604 1509 664 1551 nec
677 1510 801 1571 pospum
818 1489 923 1550 dicere
940 1507 1054 1569 queret

269 1576 337 1636 Hoc
351 1582 469 1637 tantum
486 1595 610 1657 possum
625 1574 748 1652 dicere,
768 1594 830 1635 non
845 1593 911 1634 cmc
922 1580 964 1633 te.

594 1709 730 1772 XXXIII.

227 1823 381 1884 Amissum
394 1845 456 1885 nun
471 1826 528 1886 flet
542 1846 609 1886 cum
624 1824 692 1886 scia
706 1832 755 1886 est
770 1823 872 1884 Gellia
884 1831 1023 1904 patrem,

267 1907 300 1968 Si
316 1910 384 1988 quis
400 1909 504 1988 adest,
526 1911 628 1970 iussae
643 1909 810 1991 prcsIIiunt
824 1905 981 1970 lacrimae.

223 1991 292 2052 Non
307 1990 395 2070 luget
411 1995 550 2073 quisquis
564 1991 702 2072 laudari,
726 1991 846 2070 Gellia,
869 1993 1007 2072 quaerit,

267 2074 326 2136 ille
343 2075 429 2137 dolet
443 2096 534 2157 vere,
557 2079 609 2156 qui
625 2079 692 2138 sine
708 2083 789 2138 teste
805 2073 901 2138 dolet.

509 2245 521 2262 ·
590 2225 730 2289 xxmv.
777 2307 785 2318 Ι

224 2337 422 2399 Incustoditis
438 2343 471 2398 ct
486 2341 619 2418 apertis,
639 2340 769 2418 Lesbia,
787 2358 911 2420 semper

266 2423 437 2483 LIminibus
450 2441 562 2503 peccas
575 2442 635 2483 nec
648 2430 701 2483 tua
714 2424 798 2484 furtu
817 2425 914 2502 tegis,

223 2507 265 2568 nt
279 2506 348 2587 plus
364 2513 521 2588 spectator
537 2528 625 2587 quam
639 2515 673 2568 te
687 2506 824 2568 delectat
840 2507 962 2568 adulter

267 2591 332 2652 Nec
350 2597 421 2652 sunt
437 2598 522 2670 grata
536 2592 594 2652 tibi
608 2591 718 2672 gaudia
732 2593 759 2653 si
774 2613 832 2672 qua
844 2591 953 2652 latent.

203 2678 271 2738 snt
285 2678 434 2736 meretrix
448 2677 544 2756 abigit
555 2683 670 2738 testem
685 2675 819 2755 veloque
833 2693 965 2756 seraque

266 2761 408 2840 Raraque
422 2759 600 2822 Summccni
615 2763 736 2822 fornice
750 2763 828 2821 rima
841 2766 938 2842 patet.

224 2846 252 2904 A
268 2845 388 2906 Chione
407 2844 515 2905 saltem
529 2843 580 2904 vel
595 2848 633 2906 ab
649 2844 721 2906 Iade
737 2844 822 2905 disce
836 2845 1002 2927 pudorem:

250 2928 469 2989 Eibscondunt
482 2949 608 3008 spurcas
623 2937 656 2989 et
669 2931 857 2990 monimenta
874 2927 972 3009 lupas.

223 3012 379 3092 Numquid
394 3012 471 3072 dura
485 3014 542 3073 tibi
556 3014 683 3074 nimium
699 3033 828 3075 censura
841 3009 988 3074 videtur‘l

184 3108 218 3160 10
267 3096 428 3176 Deprendi
442 3104 512 3158 veto
527 3104 577 3176 te,
598 3098 727 3176 Lesbia,
749 3118 811 3158 non
825 3099 915 3162 futui·

598 3232 723 3295 XXXV.

224 3346 342 3407 Versus
358 3346 497 3405 scribere
512 3364 562 3406 me
576 3365 684 3426 parum
699 3363 829 3406 severos

224 3429 290 3488 Nec
308 3448 384 3508 quus
398 3427 560 3509 praelegat
574 3432 606 3489 in
623 3427 729 3489 schola
742 3430 905 3508 magister,

226 3513 367 3591 Corneli,
392 3514 549 3592 quereris:
571 3513 629 3574 sed
645 3514 679 3573 hi
691 3511 813 3592 libelli,

225 3596 386 3676 Tanquam
402 3597 581 3675 coniugibus
597 3599 660 3659 suis
674 3598 796 3675 mariti,
