2442 4209
1175 134 1192 345 i

149 337 193 402 94
356 385 360 394 1
470 291 867 404 ambitioninus

234 495 321 556 Haeo
336 496 420 575 iuga,
442 513 532 573 quam
545 491 649 573 Nysae
662 492 759 555 eolles
774 492 844 575 plus
858 494 999 555 Bacchus
1014 498 1127 575 amarit,
1191 535 1192 540 κ

276 580 346 640 Hoc
360 596 461 659 nuper
476 577 583 657 Satyri
596 584 701 638 monte
715 577 834 639 dedere
851 579 975 643 choros.

212 662 323 726 bllacc
336 662 471 727 Veneris
485 660 594 738 seder,
616 660 849 724 Lacedaemone
863 664 984 742 gratior
997 660 1058 742 illi,

276 748 336 807 llio
350 745 437 807 locus
451 744 609 805 Herculeo
624 746 749 805 nurnine
762 744 863 807 clarus
878 752 957 809 erat.

235 831 353 893 Cuncta
365 831 469 891 iacent
482 830 613 889 flammis
627 835 661 889 et
675 830 760 890 tristi
774 848 876 890 mersa
888 828 1008 891 favilla:

162 917 165 922 ’
275 914 340 975 Nec
354 915 460 995 superi
476 911 595 974 vellent
608 913 669 973 hoo
682 911 811 974 licuisse
825 915 893 976 sibi.

626 1045 721 1110 XLV.

234 1160 321 1220 Haeo
337 1161 396 1222 tlbi
409 1181 467 1242 pro
481 1166 553 1222 nato
570 1159 664 1241 plena
678 1159 732 1222 dat
744 1159 846 1222 laetus
861 1179 985 1240 acerra,

276 1245 419 1324 Phoebe,
439 1244 598 1308 Palatinus
615 1263 744 1306 munera
758 1245 961 1325 Partheniae,

235 1328 277 1390 Ut
292 1331 344 1407 qui
358 1331 458 1409 prima
470 1347 549 1390 novo
561 1330 664 1407 signat
680 1330 890 1408 quinquennia
903 1328 1022 1409 lustro,

276 1411 406 1494 Impleat
419 1415 594 1474 innumeras
609 1414 727 1474 Burrus
742 1412 948 1494 Olympiadas.

212 1495 299 1559 auae
314 1506 382 1557 rata
395 1504 466 1558 vota
479 1499 593 1578 patris:
614 1498 659 1557 sic
673 1502 706 1557 te
723 1503 777 1558 tna
791 1498 900 1578 diligat
915 1499 1009 1559 arbor

276 1580 416 1642 Gaudent
431 1588 464 1642 et
479 1587 565 1641 certa
578 1581 755 1659 virginitate
768 1602 874 1643 soror:

234 1664 390 1745 Perpetuo
406 1666 450 1726 sic
463 1666 542 1725 flore
556 1666 668 1744 mices,
687 1668 733 1727 sio
749 1665 885 1747 denique
898 1685 962 1727 non
978 1666 1042 1727 sint

278 1748 356 1809 Tam
369 1749 480 1828 longae
494 1749 636 1827 Bromio,
660 1769 750 1830 quarn
764 1752 838 1831 tibi,
859 1752 1006 1829 Phoebe,
1029 1765 1132 1811 comte.
1194 1741 1195 1760 ¹

617 1897 723 1961 XLVI.

235 2006 409 2069 Saturnalia
424 2008 549 2070 divitem
564 2007 722 2070 Sabellum

233 2091 405 2153 Fecerunt:
425 2094 536 2155 merito
553 2099 653 2154 tumet
667 2093 823 2171 Sabellus,

233 2175 299 2236 Nec
315 2194 486 2255 quenquam
504 2183 592 2258 putat
610 2196 680 2238 esse
695 2177 916 2260 praedicatque

234 2259 320 2320 lnter
335 2260 503 2322 causidicos
517 2262 711 2323 beatiorem·

212 2343 303 2407 5Hos
317 2344 415 2405 iaetus
428 2346 606 2425 animosque
623 2346 675 2406 dat
692 2345 817 2407 Sabello

236 2427 343 2490 Farris
358 2427 512 2489 semodius
526 2429 679 2509 fabaeque
694 2431 813 2509 fresae,

236 2512 279 2574 Et
293 2513 371 2573 turis
386 2514 567 2593 piperisque
582 2520 650 2574 tres
666 2513 820 2593 selibrae,

233 2597 277 2659 nt
292 2596 442 2658 Lucanica
455 2603 564 2659 ventre
579 2618 649 2660 cum
661 2597 801 2679 Falisco,

161 2698 166 2707 '
234 2682 276 2742 iit
290 2682 373 2760 nigri
388 2681 467 2761 Syra
480 2680 597 2743 defruti
612 2680 740 2762 lagona,

193 2766 274 2830 1oiit
290 2766 367 2826 licus
382 2765 498 2846 Libyca
513 2765 616 2845 gelata
629 2773 712 2827 testa

234 2850 312 2912 cum
326 2847 428 2911 bulbis
443 2848 642 2930 cochleirque
658 2870 818 2932 caseoque.

233 2934 349 2996 Piceno
368 2953 490 3016 quoque
506 2937 591 2995 venit
606 2956 623 2994 a
638 2933 753 2997 cliente

233 3020 350 3081 Parcae
365 3018 476 3080 cistula
489 3038 552 3079 uon
565 3039 660 3100 capax
674 3019 791 3099 olivae,

233 3103 276 3166 lit
290 3124 393 3165 crasso
406 3101 495 3183 figuli
508 3101 606 3184 polita
622 3102 709 3164 caelo

193 3198 226 3252 15
233 3187 416 3268 Septenaria
430 3188 585 3269 asynthesi
602 3187 747 3267 Sagunti,

234 3272 390 3353 Hispanae
405 3272 522 3333 luteum
536 3278 625 3333 rotae
638 3279 780 3334 toreuma

232 3358 275 3421 Et
286 3354 350 3417 lato
364 3358 479 3418 variata
493 3375 601 3438 mappa
616 3355 711 3423 clavo.

235 3439 407 3504 Saturnalia
421 3441 629 3502 fructuosiora

191 3610 195 3621 ῃ
235 3527 333 3589 Annis
347 3544 410 3586 non
423 3525 531 3585 habuit
545 3523 653 3586 decem
667 3520 820 3586 Sabellus.
