2442 4209
158 366 222 432 302
486 367 529 429 M.
545 366 636 427 VAL.
651 366 876 427 MARTIALIS

220 518 367 582 5Nullnm
381 518 548 579 sollicitant
561 520 656 597 haec,
677 516 808 597 Flacce,
831 526 1004 581 toreumata
1016 516 1110 580 iurem

286 603 467 665 nomnium
480 601 588 684 calidis
601 622 664 662 uon
678 603 824 664 vitiantur
839 605 935 682 aquis.

119 758 123 764 .
245 686 343 765 Quid,
366 685 450 767 quod
464 705 574 747 securo
588 692 677 767 potat
693 688 817 747 conviva
831 688 991 767 ministro,

285 772 328 832 Iit
342 790 444 831 casum
457 768 609 831 tremulae
623 788 685 830 non
699 769 831 831 timuere
848 772 976 832 manus?

244 857 313 916 Hoc
331 874 453 935 qnoque
467 874 530 914 non
546 854 626 915 nihil
640 861 703 932 est,
726 853 808 934 quod
822 856 1003 937 propinabit
1017 855 1051 915 In
1062 854 1140 932 istis,

202 947 238 1003 1⁰
284 937 486 1018 Frangendus
501 939 598 998 tuerit
613 939 639 998 si
656 939 730 1016 tihi,
751 938 879 1017 Flacco,
900 938 988 1001 calix.

620 1069 744 1134 LXXV.

245 1184 388 1245 Festinat
402 1182 579 1265 Polytimus
588 1180 628 1241 ad
643 1179 784 1261 puellas;

246 1269 361 1329 Invitus
374 1286 504 1347 puerum
520 1260 636 1326 fatetur
652 1266 801 1347 Hypnus,

245 1353 354 1414 Pastas
368 1350 480 1430 glande
494 1357 582 1410 nates
597 1350 693 1409 habet
709 1347 885 1423 Secundus,

246 1434 355 1497 Mollis
370 1433 538 1515 Dindymus
553 1439 618 1509 est,
640 1432 697 1493 sed
713 1452 782 1494 esse
797 1454 859 1493 non
872 1430 954 1509 vult3

223 1520 405 1599 5Amphion
417 1519 519 1599 potuit
533 1476 638 1598 puella
651 1519 746 1581 nasci.

247 1604 365 1664 Horum
380 1596 509 1663 delicias
524 1602 762 1683 superbiamque

247 1690 289 1747 Et
304 1686 401 1747 fastus
417 1684 581 1765 querulos,
603 1686 710 1763 Ante,
732 1683 826 1762 malo,

249 1773 345 1848 Quam
361 1769 442 1832 dotis
456 1770 531 1829 mihi
546 1770 732 1848 quinquiens
748 1767 875 1829 ducena.

512 1975 514 1977 v
618 1900 753 1965 cxxvi.

140 2013 143 2017 ’
247 2018 405 2096 Amphora
417 2016 549 2092 moenis,
571 2014 691 2075 modius
707 2013 796 2074 datur
811 2033 883 2075 aere
899 2021 1059 2095 quaterno.

289 2100 402 2160 Ebrius
418 2104 451 2158 et
466 2097 578 2158 crudus
593 2097 637 2157 nil
651 2100 746 2158 habet
763 2097 905 2177 agricola.

608 2230 758 2295 LXXVII.

249 2343 347 2404 Mutis
362 2342 433 2404 dum
449 2346 595 2425 precihus
615 2346 717 2406 Iovem
730 2344 860 2424 salut-at,

251 2428 342 2488 Stans
357 2448 490 2489 summos
504 2432 668 2511 resupinus
683 2449 782 2509 usque
796 2432 829 2490 iu
843 2448 978 2510 ungues,

248 2513 373 2573 Aethon
388 2513 419 2571 in
436 2511 605 2594 Capitolio,
626 2513 765 2595 pepedit.
830 2540 832 2545 ·

248 2594 397 2656 Riserunt
412 2598 568 2677 homiues,
589 2597 670 2658 sed
660 2616 729 2678 lpse
745 2598 851 2658 Diuom

227 2680 395 2745 §Offensus
411 2683 549 2760 genitor,
571 2680 743 2743 trinoctiali

249 2764 364 2826 Affecit
381 2763 555 2825 domicenio
570 2763 726 2827 clientem.

248 2849 325 2909 Post
338 2850 398 2908 hoc
413 2850 561 2927 flagitium
575 2848 716 2909 misellus
731 2850 871 2926 Aethon,

250 2934 325 2993 Cum
340 2931 429 2993 volt
419 2952 453 2991 ιιι
468 2932 652 3013 Capitolium
668 2933 790 3013 venire,

251 3015 351 3076 Sellas
366 3023 437 3075 ante
451 3019 533 3096 petit
546 3015 792 3085 Patroclianas‚

209 3101 289 3164 lollt
302 3099 391 3180 pedit
406 3098 594 3179 deciensqne
608 3102 796 3178 viciensque.

251 3182 314 3243 Sed
330 3185 465 3261 quamvis
479 3186 539 3245 sibi
556 3185 673 3245 caverit
689 3181 861 3262 crepando,

627 3400 789 3464 LXXVIII.

250 3511 327 3573 Nil
317 3532 350 3573 m
363 3519 396 3573 te
412 3516 540 3596 scripsi,
556 3516 735 3595 Bithynice
766 3512 906 3573 Credere
920 3508 1052 3590 nonnis,

252 3267 444 3345 Compressis
459 3268 580 3328 natibus
594 3266 695 3328 Iovem
709 3265 830 3326 salutat

292 3598 359 3657 Et·
349 3615 453 3657 iurare
466 3598 577 3658 iubes?
605 3598 689 3660 Malo
706 3598 894 3657 satisfacere.
