<?xml version="1.0" encoding="UTF-8"?>
<!DOCTYPE html PUBLIC "-//W3C//DTD XHTML 1.0 Transitional//EN"
    "http://www.w3.org/TR/xhtml1/DTD/xhtml1-transitional.dtd">
<html xmlns="http://www.w3.org/1999/xhtml" xml:lang="en" lang="en">
 <head>
  <title>
</title>
<meta http-equiv="Content-Type" content="text/html;charset=utf-8" />
  <meta name='ocr-system' content='tesseract 3.04.00' />
  <meta name='ocr-capabilities' content='ocr_page ocr_carea ocr_par ocr_line ocrx_word'/>
</head>
<body>
  <div class='ocr_page' id='page_1' title='image "./mvalmartialisep02martgoog_0251.png"; bbox 0 0 2442 4209; ppageno 0'>
   <div class='ocr_carea' id='block_1_1' title="bbox 303 292 1067 359">
    <p class='ocr_par' dir='ltr' id='par_1_1' title="bbox 303 292 1067 359">
     <span class='ocr_line' id='line_1_1' title="bbox 303 292 1067 359; baseline 0.008 -6"><span class='ocrx_word' id='word_1_1' title='bbox 303 292 644 356; x_wconf 73' lang='lat' dir='ltr'><strong>lll&#39;lGllAMMA&#39;l‘ON</strong></span> <span class='ocrx_word' id='word_1_2' title='bbox 658 292 732 352; x_wconf 84' lang='lat' dir='ltr'><strong>LlB.</strong></span> <span class='ocrx_word' id='word_1_3' title='bbox 749 292 787 351; x_wconf 85' lang='lat' dir='ltr'><strong>X.</strong></span> <span class='ocrx_word' id='word_1_4' title='bbox 1005 296 1067 359; x_wconf 72' lang='lat'><strong>231</strong></span> 
     </span>
    </p>
   </div>
   <div class='ocr_carea' id='block_1_2' title="bbox 94 445 982 778">
    <p class='ocr_par' dir='ltr' id='par_1_2' title="bbox 94 445 982 778">
     <span class='ocr_line' id='line_1_2' title="bbox 114 445 949 525; baseline -0.002 -18"><span class='ocrx_word' id='word_1_5' title='bbox 114 446 347 525; x_wconf 82' lang='lat' dir='ltr'>Sollemnesque</span> <span class='ocrx_word' id='word_1_6' title='bbox 362 445 445 504; x_wconf 88' lang='lat' dir='ltr'><strong>iocos</strong></span> <span class='ocrx_word' id='word_1_7' title='bbox 462 462 520 505; x_wconf 90' lang='lat' dir='ltr'><strong>nee</strong></span> <span class='ocrx_word' id='word_1_8' title='bbox 535 445 638 505; x_wconf 86' lang='lat' dir='ltr'><strong>tristia</strong></span> <span class='ocrx_word' id='word_1_9' title='bbox 651 445 786 522; x_wconf 73' lang='lat' dir='ltr'><strong>earmina</strong></span> <span class='ocrx_word' id='word_1_10' title='bbox 800 447 901 523; x_wconf 87' lang='lat' dir='ltr'><strong>puscit</strong></span> <span class='ocrx_word' id='word_1_11' title='bbox 946 480 949 485; x_wconf 96' lang='lat'>-</span> 
     </span>
     <span class='ocr_line' id='line_1_3' title="bbox 150 529 982 609; baseline 0 -20"><span class='ocrx_word' id='word_1_12' title='bbox 150 534 190 589; x_wconf 84' lang='lat' dir='ltr'><strong>Et</strong></span> <span class='ocrx_word' id='word_1_13' title='bbox 204 532 348 609; x_wconf 83' lang='lat' dir='ltr'><strong>queritur</strong></span> <span class='ocrx_word' id='word_1_14' title='bbox 361 548 457 607; x_wconf 79' lang='lat' dir='ltr'><strong>nugas</strong></span> <span class='ocrx_word' id='word_1_15' title='bbox 472 529 639 589; x_wconf 86' lang='lat' dir='ltr'><strong>obticuisse</strong></span> <span class='ocrx_word' id='word_1_16' title='bbox 650 546 743 590; x_wconf 81' lang='lat' dir='ltr'><strong>meas.</strong></span> <span class='ocrx_word' id='word_1_17' title='bbox 978 540 982 547; x_wconf 86' lang='lat'>&#39;</span> 
     </span>
     <span class='ocr_line' id='line_1_4' title="bbox 94 610 892 693; baseline 0.001 -17"><span class='ocrx_word' id='word_1_18' title='bbox 94 616 292 677; x_wconf 74' lang='lat' dir='ltr'><strong>tillensernm</strong></span> <span class='ocrx_word' id='word_1_19' title='bbox 307 610 410 693; x_wconf 81' lang='lat' dir='ltr'><strong>longis</strong></span> <span class='ocrx_word' id='word_1_20' title='bbox 425 612 482 673; x_wconf 84' lang='lat' dir='ltr'><strong>sed</strong></span> <span class='ocrx_word' id='word_1_21' title='bbox 495 632 576 673; x_wconf 90' lang='lat' dir='ltr'><strong>nune</strong></span> <span class='ocrx_word' id='word_1_22' title='bbox 591 618 677 671; x_wconf 77' lang='lat' dir='ltr'><strong>vacat</strong></span> <span class='ocrx_word' id='word_1_23' title='bbox 691 610 892 677; x_wconf 84' lang='lat' dir='ltr'><strong>illellhellis.</strong></span> 
     </span>
     <span class='ocr_line' id='line_1_5' title="bbox 116 694 854 778; baseline -0.005 -20"><span class='ocrx_word' id='word_1_24' title='bbox 116 698 122 709; x_wconf 91' lang='lat'>&#39;</span> <span class='ocrx_word' id='word_1_25' title='bbox 151 699 268 778; x_wconf 86' lang='lat' dir='ltr'><strong>Appia,</strong></span> <span class='ocrx_word' id='word_1_26' title='bbox 291 696 367 777; x_wconf 88' lang='lat' dir='ltr'><strong>quid</strong></span> <span class='ocrx_word' id='word_1_27' title='bbox 380 697 492 774; x_wconf 78' lang='lat' dir='ltr'><strong>facies,</strong></span> <span class='ocrx_word' id='word_1_28' title='bbox 513 696 540 755; x_wconf 89' lang='lat' dir='ltr'><strong>si</strong></span> <span class='ocrx_word' id='word_1_29' title='bbox 556 694 636 773; x_wconf 79' lang='lat' dir='ltr'><strong>legit</strong></span> <span class='ocrx_word' id='word_1_30' title='bbox 649 696 709 755; x_wconf 85' lang='lat' dir='ltr'><strong>ista</strong></span> <span class='ocrx_word' id='word_1_31' title='bbox 722 695 854 757; x_wconf 67' lang='lat' dir='ltr'><strong>Macer?</strong></span> 
     </span>
    </p>
   </div>
   <div class='ocr_carea' id='block_1_3' title="bbox 492 828 617 895">
    <p class='ocr_par' dir='ltr' id='par_1_3' title="bbox 492 828 617 895">
     <span class='ocr_line' id='line_1_6' title="bbox 492 828 617 895; baseline -0.048 0"><span class='ocrx_word' id='word_1_32' title='bbox 492 828 598 895; x_wconf 80' lang='lat' dir='ltr'><strong>XVlll.</strong></span> <span class='ocrx_word' id='word_1_33' title='bbox 613 883 617 890; x_wconf 87' lang='lat'>.</span> 
     </span>
    </p>
   </div>
   <div class='ocr_carea' id='block_1_4' title="bbox 23 942 1044 1275">
    <p class='ocr_par' dir='ltr' id='par_1_4' title="bbox 23 942 1044 1275">
     <span class='ocr_line' id='line_1_7' title="bbox 23 942 952 1021; baseline 0 -16"><span class='ocrx_word' id='word_1_34' title='bbox 23 978 24 985; x_wconf 45' lang='lat'>1</span> <span class='ocrx_word' id='word_1_35' title='bbox 113 946 172 1005; x_wconf 89' lang='lat' dir='ltr'><strong>Nec</strong></span> <span class='ocrx_word' id='word_1_36' title='bbox 186 951 277 1005; x_wconf 86' lang='lat' dir='ltr'><strong>vocat</strong></span> <span class='ocrx_word' id='word_1_37' title='bbox 292 942 332 1003; x_wconf 88' lang='lat' dir='ltr'><strong>ad</strong></span> <span class='ocrx_word' id='word_1_38' title='bbox 347 964 452 1005; x_wconf 84' lang='lat' dir='ltr'><strong>cenam</strong></span> <span class='ocrx_word' id='word_1_39' title='bbox 468 944 602 1020; x_wconf 72' lang='lat' dir='ltr'><strong>Murius,</strong></span> <span class='ocrx_word' id='word_1_40' title='bbox 624 962 683 1005; x_wconf 86' lang='lat' dir='ltr'><strong>nec</strong></span> <span class='ocrx_word' id='word_1_41' title='bbox 697 964 826 1007; x_wconf 80' lang='lat' dir='ltr'><strong>munera</strong></span> <span class='ocrx_word' id='word_1_42' title='bbox 838 946 952 1021; x_wconf 85' lang='lat' dir='ltr'><strong>mittit,</strong></span> 
     </span>
     <span class='ocr_line' id='line_1_8' title="bbox 23 1025 969 1108; baseline 0 -19"><span class='ocrx_word' id='word_1_43' title='bbox 23 1044 24 1047; x_wconf 74' lang='grc'>’</span> <span class='ocrx_word' id='word_1_44' title='bbox 152 1030 215 1089; x_wconf 88' lang='lat' dir='ltr'><strong>Nec</strong></span> <span class='ocrx_word' id='word_1_45' title='bbox 230 1027 379 1108; x_wconf 83' lang='lat' dir='ltr'><strong>spondet,</strong></span> <span class='ocrx_word' id='word_1_46' title='bbox 401 1047 460 1089; x_wconf 88' lang='lat' dir='ltr'><strong>nee</strong></span> <span class='ocrx_word' id='word_1_47' title='bbox 474 1025 538 1087; x_wconf 86' lang='lat' dir='ltr'><strong>volt</strong></span> <span class='ocrx_word' id='word_1_48' title='bbox 555 1026 703 1105; x_wconf 88' lang='lat' dir='ltr'><strong>credere,</strong></span> <span class='ocrx_word' id='word_1_49' title='bbox 725 1026 780 1088; x_wconf 89' lang='lat' dir='ltr'><strong>sed</strong></span> <span class='ocrx_word' id='word_1_50' title='bbox 795 1048 853 1089; x_wconf 86' lang='lat' dir='ltr'><strong>nee</strong></span> <span class='ocrx_word' id='word_1_51' title='bbox 867 1030 969 1089; x_wconf 87' lang='lat' dir='ltr'><strong>habet.</strong></span> 
     </span>
     <span class='ocr_line' id='line_1_9' title="bbox 115 1111 1044 1192; baseline 0.001 -19"><span class='ocrx_word' id='word_1_52' title='bbox 115 1114 215 1173; x_wconf 81' lang='lat' dir='ltr'><strong>Turba</strong></span> <span class='ocrx_word' id='word_1_53' title='bbox 233 1121 337 1171; x_wconf 89' lang='lat' dir='ltr'><strong>tamen</strong></span> <span class='ocrx_word' id='word_1_54' title='bbox 351 1132 413 1173; x_wconf 89' lang='lat' dir='ltr'><strong>non</strong></span> <span class='ocrx_word' id='word_1_55' title='bbox 429 1111 533 1189; x_wconf 87' lang='lat' dir='ltr'><strong>deest,</strong></span> <span class='ocrx_word' id='word_1_56' title='bbox 555 1111 695 1171; x_wconf 87' lang='lat' dir='ltr'><strong>sterilem</strong></span> <span class='ocrx_word' id='word_1_57' title='bbox 711 1132 788 1192; x_wconf 85' lang='lat' dir='ltr'><strong>quae</strong></span> <span class='ocrx_word' id='word_1_58' title='bbox 804 1121 893 1173; x_wconf 85' lang='lat' dir='ltr'><strong>curet</strong></span> <span class='ocrx_word' id='word_1_59' title='bbox 907 1114 1044 1175; x_wconf 83' lang='lat' dir='ltr'><strong>amicum.</strong></span> 
     </span>
     <span class='ocr_line' id='line_1_10' title="bbox 151 1196 925 1275; baseline 0 -17"><span class='ocrx_word' id='word_1_60' title='bbox 151 1196 254 1258; x_wconf 78' lang='lat' dir='ltr'><strong>Eheu!</strong></span> <span class='ocrx_word' id='word_1_61' title='bbox 279 1216 368 1275; x_wconf 86' lang='lat' dir='ltr'><strong>quam</strong></span> <span class='ocrx_word' id='word_1_62' title='bbox 382 1197 484 1257; x_wconf 80' lang='lat' dir='ltr'><strong>fatuae</strong></span> <span class='ocrx_word' id='word_1_63' title='bbox 499 1203 572 1257; x_wconf 87' lang='lat' dir='ltr'><strong>sunt</strong></span> <span class='ocrx_word' id='word_1_64' title='bbox 588 1196 662 1271; x_wconf 88' lang='lat' dir='ltr'><strong>tibi,</strong></span> <span class='ocrx_word' id='word_1_65' title='bbox 682 1196 793 1273; x_wconf 87' lang='lat' dir='ltr'><strong>Roma,</strong></span> <span class='ocrx_word' id='word_1_66' title='bbox 817 1198 925 1275; x_wconf 73' lang='lat' dir='ltr'><strong>togae!</strong></span> 
     </span>
    </p>
   </div>
   <div class='ocr_carea' id='block_1_5' title="bbox 507 1330 586 1390">
    <p class='ocr_par' dir='ltr' id='par_1_5' title="bbox 507 1330 586 1390">
     <span class='ocr_line' id='line_1_11' title="bbox 507 1330 586 1390; baseline 0 -1"><span class='ocrx_word' id='word_1_67' title='bbox 507 1330 586 1390; x_wconf 77' lang='lat' dir='ltr'><strong>xlx.</strong></span> 
     </span>
    </p>
   </div>
   <div class='ocr_carea' id='block_1_6' title="bbox 24 1444 876 3205">
    <p class='ocr_par' dir='ltr' id='par_1_6' title="bbox 24 1444 876 3205">
     <span class='ocr_line' id='line_1_12' title="bbox 114 1444 743 1526; baseline 0.003 -19"><span class='ocrx_word' id='word_1_68' title='bbox 114 1446 174 1507; x_wconf 89' lang='lat' dir='ltr'><strong>Nee</strong></span> <span class='ocrx_word' id='word_1_69' title='bbox 190 1444 314 1507; x_wconf 84' lang='lat' dir='ltr'><strong>doctum</strong></span> <span class='ocrx_word' id='word_1_70' title='bbox 329 1448 402 1510; x_wconf 86' lang='lat' dir='ltr'><strong>satis</strong></span> <span class='ocrx_word' id='word_1_71' title='bbox 418 1455 451 1506; x_wconf 85' lang='lat' dir='ltr'><strong>ct</strong></span> <span class='ocrx_word' id='word_1_72' title='bbox 463 1466 571 1526; x_wconf 77' lang='lat' dir='ltr'><strong>parunt</strong></span> <span class='ocrx_word' id='word_1_73' title='bbox 586 1465 743 1524; x_wconf 84' lang='lat' dir='ltr'><strong>severum,</strong></span> 
     </span>
     <span class='ocr_line' id='line_1_13' title="bbox 115 1528 705 1594; baseline 0.005 -5"><span class='ocrx_word' id='word_1_74' title='bbox 115 1529 175 1589; x_wconf 87' lang='lat' dir='ltr'><strong>Sed</strong></span> <span class='ocrx_word' id='word_1_75' title='bbox 188 1550 252 1593; x_wconf 86' lang='lat' dir='ltr'><strong>nun</strong></span> <span class='ocrx_word' id='word_1_76' title='bbox 266 1529 444 1594; x_wconf 84' lang='lat' dir='ltr'><strong>rusticulum</strong></span> <span class='ocrx_word' id='word_1_77' title='bbox 460 1531 549 1591; x_wconf 88' lang='lat' dir='ltr'><strong>nimis</strong></span> <span class='ocrx_word' id='word_1_78' title='bbox 563 1528 705 1592; x_wconf 83' lang='lat' dir='ltr'><strong>libellum</strong></span> 
     </span>
     <span class='ocr_line' id='line_1_14' title="bbox 114 1614 627 1692; baseline -0.002 -18"><span class='ocrx_word' id='word_1_79' title='bbox 114 1614 254 1675; x_wconf 82' lang='lat' dir='ltr'><strong>Facundo</strong></span> <span class='ocrx_word' id='word_1_80' title='bbox 271 1634 339 1675; x_wconf 85' lang='lat' dir='ltr'><strong>mea</strong></span> <span class='ocrx_word' id='word_1_81' title='bbox 353 1614 471 1691; x_wconf 78' lang='lat' dir='ltr'>Plinio,</span> <span class='ocrx_word' id='word_1_82' title='bbox 486 1615 627 1692; x_wconf 67' lang='grc' dir='ltr'><strong>,’1“1ιιι11α,Ι</strong></span> 
     </span>
     <span class='ocr_line' id='line_1_15' title="bbox 116 1696 714 1777; baseline 0 -19"><span class='ocrx_word' id='word_1_83' title='bbox 116 1699 127 1757; x_wconf 95' lang='grc'><strong>1</strong></span> <span class='ocrx_word' id='word_1_84' title='bbox 141 1700 262 1777; x_wconf 80' lang='lat' dir='ltr'><strong>perfer:</strong></span> <span class='ocrx_word' id='word_1_85' title='bbox 286 1700 388 1758; x_wconf 79' lang='lat' dir='ltr'><strong>brevia</strong></span> <span class='ocrx_word' id='word_1_86' title='bbox 403 1706 452 1758; x_wconf 87' lang='lat' dir='ltr'><strong>est</strong></span> <span class='ocrx_word' id='word_1_87' title='bbox 464 1696 554 1759; x_wconf 86' lang='lat' dir='ltr'><strong>labor</strong></span> <span class='ocrx_word' id='word_1_88' title='bbox 568 1706 714 1777; x_wconf 85' lang='lat' dir='ltr'><strong>peractae</strong></span> 
     </span>
     <span class='ocr_line' id='line_1_16' title="bbox 98 1781 690 1846; baseline 0.002 -4"><span class='ocrx_word' id='word_1_89' title='bbox 98 1781 218 1846; x_wconf 66' lang='lat' dir='ltr'><strong>silitum</strong></span> <span class='ocrx_word' id='word_1_90' title='bbox 232 1784 358 1843; x_wconf 82' lang='lat' dir='ltr'><strong>vincere</strong></span> <span class='ocrx_word' id='word_1_91' title='bbox 375 1783 527 1843; x_wconf 79' lang='lat' dir='ltr'><strong>tramitem</strong></span> <span class='ocrx_word' id='word_1_92' title='bbox 543 1782 690 1843; x_wconf 85' lang='lat' dir='ltr'><strong>Suburae.</strong></span> 
     </span>
     <span class='ocr_line' id='line_1_17' title="bbox 24 1862 614 1946; baseline 0.007 -23"><span class='ocrx_word' id='word_1_93' title='bbox 24 1862 25 1867; x_wconf 67' lang='grc'>’</span> <span class='ocrx_word' id='word_1_94' title='bbox 116 1865 180 1926; x_wconf 88' lang='lat' dir='ltr'><strong>lllie</strong></span> <span class='ocrx_word' id='word_1_95' title='bbox 195 1868 321 1946; x_wconf 84' lang='lat' dir='ltr'><strong>Orphea</strong></span> <span class='ocrx_word' id='word_1_96' title='bbox 335 1866 614 1946; x_wconf 81' lang='lat' dir='ltr'><strong>protinusvidebis</strong></span> 
     </span>
     <span class='ocr_line' id='line_1_18' title="bbox 116 1949 616 2028; baseline 0.002 -18"><span class='ocrx_word' id='word_1_97' title='bbox 116 1950 172 2010; x_wconf 90' lang='lat' dir='ltr'><strong>Udi</strong></span> <span class='ocrx_word' id='word_1_98' title='bbox 185 1953 304 2011; x_wconf 75' lang='lat' dir='ltr'><strong>vertice</strong></span> <span class='ocrx_word' id='word_1_99' title='bbox 318 1949 469 2011; x_wconf 87' lang='lat' dir='ltr'><strong>lubricum</strong></span> <span class='ocrx_word' id='word_1_100' title='bbox 485 1952 616 2028; x_wconf 78' lang='lat' dir='ltr'><strong>theatri,</strong></span> 
     </span>
     <span class='ocr_line' id='line_1_19' title="bbox 116 2034 701 2113; baseline 0.002 -20"><span class='ocrx_word' id='word_1_101' title='bbox 116 2034 325 2113; x_wconf 82' lang='lat' dir='ltr'><strong>Mirantesque</strong></span> <span class='ocrx_word' id='word_1_102' title='bbox 340 2036 423 2095; x_wconf 86' lang='lat' dir='ltr'><strong>ieras</strong></span> <span class='ocrx_word' id='word_1_103' title='bbox 439 2053 585 2113; x_wconf 74' lang='lat' dir='ltr'><strong>avemque</strong></span> <span class='ocrx_word' id='word_1_104' title='bbox 599 2036 701 2113; x_wconf 66' lang='lat' dir='ltr'><strong>regis,</strong></span> 
     </span>
     <span class='ocr_line' id='line_1_20' title="bbox 118 2118 778 2198; baseline 0.006 -23"><span class='ocrx_word' id='word_1_105' title='bbox 118 2118 241 2197; x_wconf 83' lang='lat' dir='ltr'><strong>Raptum</strong></span> <span class='ocrx_word' id='word_1_106' title='bbox 257 2138 336 2198; x_wconf 83' lang='lat' dir='ltr'><strong>quae</strong></span> <span class='ocrx_word' id='word_1_107' title='bbox 351 2119 473 2197; x_wconf 76' lang='lat' dir='ltr'><strong>Phryga</strong></span> <span class='ocrx_word' id='word_1_108' title='bbox 488 2118 619 2197; x_wconf 88' lang='lat' dir='ltr'><strong>pertulit</strong></span> <span class='ocrx_word' id='word_1_109' title='bbox 634 2119 778 2179; x_wconf 72' lang='lat' dir='ltr'><strong>&#39;sonanti</strong></span> 
     </span>
     <span class='ocr_line' id='line_1_21' title="bbox 86 2200 617 2283; baseline 0.004 -24"><span class='ocrx_word' id='word_1_110' title='bbox 86 2200 178 2261; x_wconf 78' lang='lat' dir='ltr'><strong>lolllie</strong></span> <span class='ocrx_word' id='word_1_111' title='bbox 191 2223 285 2283; x_wconf 79' lang='lat' dir='ltr'><strong>parva</strong></span> <span class='ocrx_word' id='word_1_112' title='bbox 300 2204 345 2262; x_wconf 90' lang='lat' dir='ltr'><strong>tui</strong></span> <span class='ocrx_word' id='word_1_113' title='bbox 360 2202 466 2261; x_wconf 89' lang='lat' dir='ltr'><strong>domus</strong></span> <span class='ocrx_word' id='word_1_114' title='bbox 480 2202 617 2262; x_wconf 86' lang='lat' dir='ltr'><strong>Pedonis</strong></span> 
     </span>
     <span class='ocr_line' id='line_1_22' title="bbox 117 2284 687 2367; baseline 0.004 -22"><span class='ocrx_word' id='word_1_115' title='bbox 117 2286 237 2346; x_wconf 82' lang='lat' dir='ltr'><strong>Caelata</strong></span> <span class='ocrx_word' id='word_1_116' title='bbox 251 2294 300 2346; x_wconf 88' lang='lat' dir='ltr'><strong>est</strong></span> <span class='ocrx_word' id='word_1_117' title='bbox 315 2284 435 2367; x_wconf 81' lang='lat' dir='ltr'><strong>aquilae</strong></span> <span class='ocrx_word' id='word_1_118' title='bbox 451 2288 571 2347; x_wconf 84' lang='lat' dir='ltr'><strong>minore</strong></span> <span class='ocrx_word' id='word_1_119' title='bbox 585 2288 687 2365; x_wconf 80' lang='lat' dir='ltr'><strong>pinna.</strong></span> 
     </span>
     <span class='ocr_line' id='line_1_23' title="bbox 117 2368 876 2451; baseline 0.007 -22"><span class='ocrx_word' id='word_1_120' title='bbox 117 2368 174 2429; x_wconf 87' lang='lat' dir='ltr'><strong>Sed</strong></span> <span class='ocrx_word' id='word_1_121' title='bbox 187 2389 226 2430; x_wconf 89' lang='lat' dir='ltr'><strong>ne</strong></span> <span class='ocrx_word' id='word_1_122' title='bbox 242 2380 383 2451; x_wconf 87' lang='lat' dir='ltr'><strong>tempore</strong></span> <span class='ocrx_word' id='word_1_123' title='bbox 397 2390 459 2430; x_wconf 88' lang='lat' dir='ltr'><strong>non</strong></span> <span class='ocrx_word' id='word_1_124' title='bbox 474 2378 526 2431; x_wconf 90' lang='lat' dir='ltr'><strong>tuo</strong></span> <span class='ocrx_word' id='word_1_125' title='bbox 543 2370 690 2434; x_wconf 73' lang='lat' dir='ltr'><strong>disertam</strong></span> <span class='ocrx_word' id='word_1_126' title='bbox 810 2415 812 2418; x_wconf 93' lang='lat'>-</span> <span class='ocrx_word' id='word_1_127' title='bbox 872 2386 876 2390; x_wconf 78' lang='grc'><em>’</em></span> 
     </span>
     <span class='ocr_line' id='line_1_24' title="bbox 118 2452 609 2531; baseline 0.004 -19"><span class='ocrx_word' id='word_1_128' title='bbox 118 2452 219 2513; x_wconf 84' lang='lat' dir='ltr'><strong>Pulses</strong></span> <span class='ocrx_word' id='word_1_129' title='bbox 237 2456 323 2514; x_wconf 88' lang='lat' dir='ltr'><strong>ebria</strong></span> <span class='ocrx_word' id='word_1_130' title='bbox 339 2456 474 2531; x_wconf 83' lang='lat' dir='ltr'><strong>ianuam,</strong></span> <span class='ocrx_word' id='word_1_131' title='bbox 497 2454 609 2515; x_wconf 82' lang='lat' dir='ltr'><strong>videto.</strong></span> 
     </span>
     <span class='ocr_line' id='line_1_25' title="bbox 119 2537 701 2614; baseline -0.002 -17"><span class='ocrx_word' id='word_1_132' title='bbox 119 2538 210 2597; x_wconf 84' lang='lat' dir='ltr'><strong>&#39;letes</strong></span> <span class='ocrx_word' id='word_1_133' title='bbox 226 2537 278 2597; x_wconf 87' lang='lat' dir='ltr'><strong>dat</strong></span> <span class='ocrx_word' id='word_1_134' title='bbox 292 2539 424 2599; x_wconf 88' lang='lat' dir='ltr'><strong>tetricae</strong></span> <span class='ocrx_word' id='word_1_135' title='bbox 440 2538 506 2599; x_wconf 81' lang='lat' dir='ltr'><strong>dies</strong></span> <span class='ocrx_word' id='word_1_136' title='bbox 522 2538 701 2614; x_wconf 81' lang='lat' dir='ltr'><strong>Minervae,</strong></span> 
     </span>
     <span class='ocr_line' id='line_1_26' title="bbox 87 2619 735 2683; baseline 0.005 -5"><span class='ocrx_word' id='word_1_137' title='bbox 87 2622 185 2681; x_wconf 69' lang='lat' dir='ltr'><strong>illlum</strong></span> <span class='ocrx_word' id='word_1_138' title='bbox 202 2630 325 2682; x_wconf 88' lang='lat' dir='ltr'><strong>centum</strong></span> <span class='ocrx_word' id='word_1_139' title='bbox 340 2619 445 2683; x_wconf 83' lang='lat' dir='ltr'><strong>studet</strong></span> <span class='ocrx_word' id='word_1_140' title='bbox 460 2624 583 2683; x_wconf 87' lang='lat' dir='ltr'><strong>auribus</strong></span> <span class='ocrx_word' id='word_1_141' title='bbox 601 2624 735 2683; x_wconf 84' lang='lat' dir='ltr'><strong>virorum</strong></span> 
     </span>
     <span class='ocr_line' id='line_1_27' title="bbox 29 2704 748 2787; baseline -0.003 -20"><span class='ocrx_word' id='word_1_142' title='bbox 29 2754 30 2767; x_wconf 30' lang='grc'><strong>1</strong></span> <span class='ocrx_word' id='word_1_143' title='bbox 118 2706 178 2765; x_wconf 86' lang='lat' dir='ltr'><strong>Hoc</strong></span> <span class='ocrx_word' id='word_1_144' title='bbox 194 2706 277 2785; x_wconf 77' lang='lat' dir='ltr'><strong>‹pucd</strong></span> <span class='ocrx_word' id='word_1_145' title='bbox 291 2704 413 2767; x_wconf 84' lang='lat' dir='ltr'><strong>saecula</strong></span> <span class='ocrx_word' id='word_1_146' title='bbox 427 2707 607 2787; x_wconf 80' lang='lat' dir='ltr'><strong>posterique</strong></span> <span class='ocrx_word' id='word_1_147' title='bbox 623 2707 748 2785; x_wconf 77' lang='lat' dir='ltr'><strong>possint</strong></span> 
     </span>
     <span class='ocr_line' id='line_1_28' title="bbox 121 2790 709 2871; baseline 0 -22"><span class='ocrx_word' id='word_1_148' title='bbox 121 2790 237 2869; x_wconf 83' lang='lat' dir='ltr'><strong>Arpinis</strong></span> <span class='ocrx_word' id='word_1_149' title='bbox 253 2809 376 2871; x_wconf 84' lang='lat' dir='ltr'><strong>queque</strong></span> <span class='ocrx_word' id='word_1_150' title='bbox 391 2808 570 2869; x_wconf 88' lang='lat' dir='ltr'><strong>comparare</strong></span> <span class='ocrx_word' id='word_1_151' title='bbox 585 2791 709 2851; x_wconf 86' lang='lat' dir='ltr'><strong>chartis.</strong></span> 
     </span>
     <span class='ocr_line' id='line_1_29' title="bbox 119 2872 609 2935; baseline 0.006 -3"><span class='ocrx_word' id='word_1_152' title='bbox 119 2873 202 2933; x_wconf 82' lang='lat' dir='ltr'><strong>Seras</strong></span> <span class='ocrx_word' id='word_1_153' title='bbox 218 2878 314 2934; x_wconf 87' lang='lat' dir='ltr'><strong>tutior</strong></span> <span class='ocrx_word' id='word_1_154' title='bbox 327 2876 387 2935; x_wconf 84' lang='lat' dir='ltr'><strong>ibis</strong></span> <span class='ocrx_word' id='word_1_155' title='bbox 403 2874 442 2935; x_wconf 86' lang='lat' dir='ltr'><strong>ad</strong></span> <span class='ocrx_word' id='word_1_156' title='bbox 454 2872 609 2935; x_wconf 85' lang='lat' dir='ltr'><strong>lucernas.</strong></span> 
     </span>
     <span class='ocr_line' id='line_1_30' title="bbox 119 2958 762 3037; baseline -0.002 -20"><span class='ocrx_word' id='word_1_157' title='bbox 119 2958 196 3017; x_wconf 86' lang='lat' dir='ltr'><strong>llaec</strong></span> <span class='ocrx_word' id='word_1_158' title='bbox 209 2960 286 3018; x_wconf 88' lang='lat' dir='ltr'><strong>hora</strong></span> <span class='ocrx_word' id='word_1_159' title='bbox 301 2965 349 3019; x_wconf 87' lang='lat' dir='ltr'><strong>est</strong></span> <span class='ocrx_word' id='word_1_160' title='bbox 364 2965 430 3037; x_wconf 85' lang='lat' dir='ltr'><strong>tua,</strong></span> <span class='ocrx_word' id='word_1_161' title='bbox 452 2978 519 3017; x_wconf 91' lang='lat' dir='ltr'><strong>cum</strong></span> <span class='ocrx_word' id='word_1_162' title='bbox 534 2958 610 3018; x_wconf 80' lang='lat' dir='ltr'><strong>furit</strong></span> <span class='ocrx_word' id='word_1_163' title='bbox 626 2958 762 3036; x_wconf 83' lang='lat' dir='ltr'><strong>Lyaeus,</strong></span> 
     </span>
     <span class='ocr_line' id='line_1_31' title="bbox 86 3038 773 3121; baseline 0 -22"><span class='ocrx_word' id='word_1_164' title='bbox 86 3041 186 3101; x_wconf 73' lang='lat' dir='ltr'><strong>lolium</strong></span> <span class='ocrx_word' id='word_1_165' title='bbox 199 3049 309 3121; x_wconf 80' lang='lat' dir='ltr'><strong>regnat</strong></span> <span class='ocrx_word' id='word_1_166' title='bbox 324 3062 409 3119; x_wconf 89' lang='lat' dir='ltr'><strong>rosa,</strong></span> <span class='ocrx_word' id='word_1_167' title='bbox 432 3062 500 3102; x_wconf 86' lang='lat' dir='ltr'><strong>eum</strong></span> <span class='ocrx_word' id='word_1_168' title='bbox 515 3040 639 3101; x_wconf 84' lang='lat' dir='ltr'><strong>madent</strong></span> <span class='ocrx_word' id='word_1_169' title='bbox 654 3038 773 3120; x_wconf 81' lang='lat' dir='ltr'><strong>capilli:</strong></span> 
     </span>
     <span class='ocr_line' id='line_1_32' title="bbox 29 3124 708 3205; baseline 0.001 -21"><span class='ocrx_word' id='word_1_170' title='bbox 29 3202 30 3205; x_wconf 8' lang='grc' dir='ltr'><strong>Ἴ</strong></span> <span class='ocrx_word' id='word_1_171' title='bbox 121 3124 199 3186; x_wconf 84' lang='lat' dir='ltr'><strong>Tunc</strong></span> <span class='ocrx_word' id='word_1_172' title='bbox 213 3145 262 3186; x_wconf 92' lang='lat' dir='ltr'><strong>me</strong></span> <span class='ocrx_word' id='word_1_173' title='bbox 276 3124 327 3186; x_wconf 81' lang='lat' dir='ltr'><strong>vel</strong></span> <span class='ocrx_word' id='word_1_174' title='bbox 341 3126 433 3205; x_wconf 82' lang='lat' dir='ltr'><strong>rigidi</strong></span> <span class='ocrx_word' id='word_1_175' title='bbox 446 3125 552 3205; x_wconf 84' lang='lat' dir='ltr'><strong>legunt</strong></span> <span class='ocrx_word' id='word_1_176' title='bbox 565 3126 708 3187; x_wconf 82' lang='lat' dir='ltr'><strong>Catones.</strong></span> 
     </span>
    </p>
   </div>
   <div class='ocr_carea' id='block_1_7' title="bbox 513 3260 580 3322">
    <p class='ocr_par' dir='ltr' id='par_1_7' title="bbox 513 3260 580 3322">
     <span class='ocr_line' id='line_1_33' title="bbox 513 3260 580 3322; baseline 0.03 -3"><span class='ocrx_word' id='word_1_177' title='bbox 513 3260 580 3322; x_wconf 86' lang='lat' dir='ltr'><strong>XX.</strong></span> 
     </span>
    </p>
   </div>
   <div class='ocr_carea' id='block_1_8' title="bbox 29 3369 959 3624">
    <p class='ocr_par' dir='ltr' id='par_1_8' title="bbox 29 3330 959 3624">
     <span class='ocr_line' id='line_1_34' title="bbox 122 3369 959 3473; baseline -0.004 -39.4"><span class='ocrx_word' id='word_1_178' title='bbox 122 3373 203 3434; x_wconf 84' lang='lat' dir='ltr'><strong>Ducit</strong></span> <span class='ocrx_word' id='word_1_179' title='bbox 220 3374 258 3434; x_wconf 85' lang='lat' dir='ltr'><strong>ad</strong></span> <span class='ocrx_word' id='word_1_180' title='bbox 277 3375 427 3435; x_wconf 78' lang='lat' dir='ltr'><strong>auriferas</strong></span> <span class='ocrx_word' id='word_1_181' title='bbox 448 3372 530 3455; x_wconf 86' lang='lat' dir='ltr'><strong>quud</strong></span> <span class='ocrx_word' id='word_1_182' title='bbox 548 3392 597 3473; x_wconf 76' lang='lat' dir='ltr'><strong>me</strong></span> <span class='ocrx_word' id='word_1_183' title='bbox 617 3370 690 3436; x_wconf 83' lang='lat' dir='ltr'><strong>Sale</strong></span> <span class='ocrx_word' id='word_1_184' title='bbox 709 3369 853 3470; x_wconf 74' lang='lat' dir='ltr'><strong>Celtiber</strong></span> <span class='ocrx_word' id='word_1_185' title='bbox 871 3389 959 3448; x_wconf 71' lang='lat' dir='ltr'><strong>eru,</strong></span> 
     </span>
     <span class='ocr_line' id='line_1_35' title="bbox 29 3454 850 3539; baseline -0.007 -20"><span class='ocrx_word' id='word_1_186' title='bbox 29 3488 30 3539; x_wconf 55' lang='lat'>3</span> <span class='ocrx_word' id='word_1_187' title='bbox 156 3458 293 3519; x_wconf 86' lang='lat' dir='ltr'><strong>Pendula</strong></span> <span class='ocrx_word' id='word_1_188' title='bbox 309 3458 392 3537; x_wconf 86' lang='lat' dir='ltr'><strong>qued</strong></span> <span class='ocrx_word' id='word_1_189' title='bbox 408 3458 526 3539; x_wconf 82' lang='lat' dir='ltr'><strong>patriae</strong></span> <span class='ocrx_word' id='word_1_190' title='bbox 541 3475 642 3517; x_wconf 80' lang='lat' dir='ltr'><strong>visere</strong></span> <span class='ocrx_word' id='word_1_191' title='bbox 657 3462 742 3516; x_wconf 82' lang='lat' dir='ltr'><strong>tecta</strong></span> <span class='ocrx_word' id='word_1_192' title='bbox 754 3454 850 3532; x_wconf 77' lang='lat' dir='ltr'><strong>lubet,</strong></span> 
     </span>
     <span class='ocr_line' id='line_1_36' title="bbox 29 3538 918 3624; baseline -0.006 -23"><span class='ocrx_word' id='word_1_193' title='bbox 29 3546 30 3613; x_wconf 75' lang='lat' dir='ltr'><strong>l</strong></span> <span class='ocrx_word' id='word_1_194' title='bbox 122 3539 163 3601; x_wconf 85' lang='lat' dir='ltr'><strong>Tu</strong></span> <span class='ocrx_word' id='word_1_195' title='bbox 180 3544 253 3602; x_wconf 85' lang='lat' dir='ltr'><strong>mihi</strong></span> <span class='ocrx_word' id='word_1_196' title='bbox 272 3542 479 3624; x_wconf 82' lang='lat' dir='ltr'><strong>simplicibus,</strong></span> <span class='ocrx_word' id='word_1_197' title='bbox 502 3541 604 3619; x_wconf 81' lang='lat' dir='ltr'><strong>Mani,</strong></span> <span class='ocrx_word' id='word_1_198' title='bbox 627 3539 759 3599; x_wconf 86' lang='lat' dir='ltr'><strong>dilectus</strong></span> <span class='ocrx_word' id='word_1_199' title='bbox 774 3541 811 3598; x_wconf 85' lang='lat' dir='ltr'><strong>ab</strong></span> <span class='ocrx_word' id='word_1_200' title='bbox 830 3538 918 3597; x_wconf 79' lang='lat' dir='ltr'><strong>annis</strong></span> 
     </span>
    </p>
   </div>
   <div class='ocr_carea' id='block_1_9' title="bbox 0 0 1226 4209">
    <p class='ocr_par' dir='ltr' id='par_1_9' title="bbox 0 0 1226 4209">
     <span class='ocr_line' id='line_1_37' title="bbox 0 0 1226 4209; baseline 0 0"><span class='ocrx_word' id='word_1_201' title='bbox 0 0 1226 4209; x_wconf 95' lang='lat' dir='ltr'><strong> </strong></span> 
     </span>
    </p>
   </div>
  </div>
 </body>
</html>
