2442 4209
164 320 230 384 ooo
411 348 415 355 -
488 306 532 382 st
547 320 641 383 vsu.
656 318 882 382 maurinus

641 521 734 583 va.

249 636 399 697 Formosa
412 636 535 716 Phyllis
549 643 641 697 nocte
657 656 725 695 cum
742 636 818 694 mihi
832 641 898 696 tota

248 720 289 780 Se
304 721 515 799 praestitisset
528 721 669 781 omnihus
684 717 783 779 modis
797 718 930 797 largum,

248 804 290 863 ut
303 804 471 880 cogitarem
485 824 573 865 mane
590 802 673 884 quod
685 802 792 863 durem
807 822 932 881 munus,

248 887 400 947 Utrumne
416 889 535 967 Cosmi,
555 887 711 949 Nicerotis
724 907 762 945 an
775 885 905 965 librom,

227 972 298 1031 5An
312 971 504 1032 Baeticarum
518 971 639 1052 pondus
655 990 726 1031 acre
737 969 891 1047 lanarum,

249 1053 352 1115 Ande
369 1062 493 1116 moneta
507 1056 649 1118 Caesaris
665 1053 773 1115 decem
789 1054 899 1113 flavos:

250 1136 400 1218 Amplexa
415 1139 529 1202 collum
544 1141 692 1217 basioque
707 1144 770 1199 tam
784 1136 877 1215 longo

250 1221 410 1301 Blandita,
434 1244 523 1303 quam
537 1231 610 1285 suut
624 1223 749 1302 nuptiae
764 1220 991 1301 columbarum,

133 1328 143 1340 ·
249 1307 371 1386 Rogare
386 1310 490 1387 coepit
504 1307 624 1389 Phyllis
640 1307 816 1386 amphoram
831 1306 904 1366 vini.

633 1440 739 1501 val.

249 1552 303 1613 Bis
319 1554 543 1633 quinquagenis
558 1553 665 1614 domus
683 1560 731 1613 est
746 1553 803 1613 tihi
817 1551 941 1613 milibus
956 1560 1068 1635 empta,

292 1636 439 1700 Vendere
455 1657 545 1717 quam
560 1657 676 1698 summe
689 1636 739 1698 vel
753 1637 897 1697 breviore
915 1639 1009 1719 cupis.

186 1760 189 1765 -
249 1721 328 1781 Arte
343 1721 400 1781 scd
414 1728 586 1801 emptorem
600 1722 684 1781 vafra
698 1723 885 1803 corrumpis,
907 1722 1058 1800 Amoeue,

291 1805 334 1865 ut
348 1824 418 1866 casa
434 1804 550 1865 divitiis
564 1806 726 1866 ambitiosa
738 1802 825 1866 latet.

228 1887 454 1949 otiemmantes
468 1890 569 1969 prima
581 1887 705 1968 fulgent
719 1887 876 1949 testudine
890 1886 983 1967 lecti,

294 1973 335 2032 Et
348 1973 537 2033 Maurusiaci
550 1972 689 2055 pondera
703 1994 774 2034 rara
789 1973 876 2047 eitri;

252 2056 423 2133 Argentum
438 2064 530 2135 atque
546 2076 651 2117 aurum
666 2076 727 2116 non
742 2055 873 2137 simplex
887 2055 1035 2139 Delphica
1047 2060 1138 2139 portat

293 2140 383 2200 Stant
400 2142 506 2221 pueri,
530 2140 669 2201 dominos
685 2159 761 2220 quos
775 2159 888 2220 precer
902 2159 973 2201 esse
987 2157 1074 2203 meos.

128 2256 133 2261 ·
251 2223 373 2284 Deinde
389 2223 522 2285 ducenta
537 2245 644 2302 sonas,
664 2232 698 2285 et
713 2226 773 2303 ais,
794 2242 943 2285 nonense
959 2226 1086 2286 minoris.

207 2315 243 2369 lo
291 2308 474 2369 Instructam
489 2308 541 2369 rili
556 2308 682 2387 vendis,
706 2310 860 2389 Amoeue,
882 2307 1013 2373 domum.

624 2442 745 2504 vass.

250 2553 353 2615 Maiae
367 2557 557 2618 Mercurium
571 2558 700 2617 creastis
714 2556 794 2619 idus.

165 2652 172 2665 ·
250 2638 397 2717 Augustis
414 2639 499 2700 r‘edlt
512 2640 615 2702 Idibus
630 2642 734 2702 Diana.

251 2721 409 2784 Octobres·
420 2724 509 2784 Maro
526 2726 717 2789 consecravit
731 2723 811 2787 Idus.

249 2805 321 2866 ldus
336 2826 430 2889 saepe
445 2805 528 2867 colas
543 2809 644 2868 athas
660 2814 692 2869 et
706 2807 792 2885 illas,
916 2866 920 2871 ,

229 2891 313 2966 5Qui
326 2893 428 2970 magni
441 2889 582 2952 celebras
595 2892 737 2953 Maronis
751 2890 831 2953 idus.

619 3025 752 3089 LXVlll.

250 3134 407 3197 Matutine
423 3136 537 3214 cliens,
558 3138 645 3197 urbis
661 3138 736 3199 mihi
751 3157 840 3199 causa
854 3135 1001 3218 relictae,

290 3220 396 3298 Atria,
416 3223 443 3280 si
458 3222 575 3300 sapias,
597 3222 757 3282 ambitiosa
771 3220 864 3282 colas.
1099 3288 1101 3293 ,

247 3301 318 3362 Nou
332 3323 399 3364 sum
413 3322 470 3383 ego
485 3303 674 3382 causidicus,
695 3323 754 3365 nec
769 3306 879 3365 amaris
895 3302 1002 3367 litibus
1018 3314 1115 3389 aptus,

292 3385 356 3446 Sed
368 3389 458 3468 piger
471 3395 504 3449 et
517 3389 623 3448 senior
636 3386 857 3470 Pieridumque
872 3409 983 3452 comes.

228 3468 388 3531 socians
402 3491 586 3551 somnusque
598 3474 719 3551 iurant,
743 3492 822 3552 quac
837 3493 945 3553 magun
957 3474 1078 3554 negavit

292 3554 389 3615 Roma
401 3556 492 3615 milri:
513 3555 630 3635 redeo,
652 3558 679 3616 si
693 3556 838 3636 vigilatur
852 3565 885 3619 et
899 3559 959 3620 hic.
