2442 4209
280 341 623 403 ιιιιιιιιιιιιιίὀιι
638 342 710 403 urs.
727 343 748 405 1.
845 324 848 330 ’
996 343 1037 408 ιι

442 494 593 556 LXXXV.

96 604 237 668 Venderet
252 606 391 668 excultos
408 605 503 667 colles
519 626 586 666 eum
600 625 714 687 praeeo
729 608 849 670 facetus

129 690 221 768 Atque
236 692 403 751 suburbani
417 693 524 768 iugera
537 689 668 770 pulchra
683 689 759 767 soli,

95 772 211 851 „llrrat“
227 777 271 839 ait
284 778 334 854 „si
349 777 418 855 quia
432 775 534 835 Mario
549 780 638 855 putat
654 794 723 836 esse
738 795 868 839 neeesse

128 857 281 920 Vendere:
301 858 345 919 nil
361 857 471 937 debet,
492 859 617 918 fenerat
631 861 723 919 immo
739 862 866 940 magis.“

79 943 210 1020 5„„Qnae
224 944 305 1003 ratio
320 950 370 1004 est
383 945 477 1023 igitur
484 943 522 1002 ‘V‘
529 943 550 980 “
570 944 707 1022 „Servos
720 945 766 1005 ibi
779 944 919 1026 perdidit
929 965 1036 1008 omues

124 1027 162 1088 Iit
173 1046 268 1106 pecus
283 1032 316 1087 et
329 1027 465 1106 fructus,
488 1047 549 1087 non
566 1035 646 1087 amat
660 1027 733 1088 iude
748 1029 883 1092 locum.“

94 1110 155 1186 Quis
166 1111 286 1172 faceret
299 1114 434 1192 pretium
448 1112 508 1171 nisi
524 1112 575 1190 qni
592 1131 646 1172 sua
660 1114 796 1193 perdere
811 1113 909 1176 vellet

127 1195 250 1256 Omnia?
279 1195 331 1257 Sic
346 1197 448 1256 Mario
463 1197 572 1256 noxius
587 1197 699 1257 haeret
713 1217 796 1277 ager.

430 1330 594 1393 LXXXVI.

92 1427 302 1489 Viein'us'mens
318 1435 367 1490 est
381 1423 532 1509 manuque
547 1430 632 1508 tangi

91 1510 127 1570 IIe
139 1514 249 1573 nostris
265 1512 379 1573 Novlas
393 1519 498 1593 potest
512 1513 670 1578 fenestris.

92 1595 152 1670 Quis
164 1616 224 1657 non
238 1596 377 1658 invideat
391 1599 466 1658 mihi
481 1604 633 1678 putetque

90 1679 169 1741 lloris
183 1681 326 1742 omnibus
340 1700 410 1742 esse
425 1700 474 1742 me
489 1683 628 1761 beatum,
738 1693 743 1700 “

77 1764 180 1825 tluuoto
195 1767 245 1826 cul
261 1764 357 1826 lieeat
370 1767 433 1826 frui
448 1765 578 1826 sodale?
652 1773 662 1782 '

92 1847 154 1908 Tam
166 1849 261 1929 longe
277 1855 326 1910 est
340 1852 415 1910 mihi
430 1870 520 1929 quarn
536 1850 763 1926 Terentianus,

90 1933 137 2008 Qui
147 1953 225 1993 nune
240 1931 389 1996 Niliacam
404 1936 487 2013 regit
501 1933 635 2013 Syenen.

27 2017 29 2062 ἴ
91 2015 144 2075 Non
157 2019 338 2096 convivere,
359 2038 418 2079 nee
433 2018 540 2079 videre
554 2019 672 2096 saltim,

90 2100 144 2159 Non
157 2101 265 2162 audire
279 2100 372 2182 lieet,
394 2123 453 2164 nee
467 2105 545 2162 urbe
559 2109 626 2162 tota

63 2185 237 2265 lanisquam
254 2193 305 2248 est
317 2194 380 2248 tarn
394 2206 492 2269 prope
508 2193 569 2264 ιιιιι
583 2185 755 2267 proculque
770 2188 868 2249 nobis.

89 2268 270 2348 Migrandum
287 2279 336 2332 est
351 2273 425 2332 mihi
438 2273 559 2350 longius
574 2269 625 2330 vel
642 2270 697 2332 illi.

86 2352 197 2414 Vieiuus
210 2356 310 2415 Novio
325 2357 375 2417 vel
392 2353 559 2435 inquilinis

89 2435 139 2516 Sit,
159 2440 183 2498 si
199 2440 269 2519 quis
282 2437 411 2502 Novium
425 2440 532 2501 videre
545 2458 609 2499 non
626 2438 698 2502 volt.

420 2573 599 2638 LXXXVII.

86 2669 123 2730 Ne
136 2675 234 2751 gravis
249 2673 400 2732 hesterno
415 2673 551 2750 fragres,
572 2671 761 2750 Fescennia,
776 2674 863 2749 vino,

118 2756 260 2818 Pastillos
276 2758 380 2818 Cosmi
392 2754 549 2816 luxuriosa
562 2775 660 2818 voras.

85 2837 134 2899 lstn
147 2841 250 2902 linunt
266 2840 377 2903 dentes
392 2838 561 2917 iantacula,
583 2839 641 2900 sed
654 2840 733 2901 nihil
748 2843 888 2917 obstant,

118 2925 262 2987 Extremo
279 2932 386 2986 ructus
402 2945 469 2986 eum
483 2925 568 2985 redit
584 2946 601 2985 a
615 2926 773 2986 barathro.

73 3005 157 3083 tQuid
175 3010 260 3090 quod
275 3010 341 3072 olet
354 3011 475 3089 gravius
489 3011 616 3070 mixtum
631 3010 818 3089 diapasmate
831 3010 916 3068 virus

118 3094 216 3175 Atque
233 3094 349 3176 duplex
365 3095 482 3154 animae
499 3092 622 3172 longius
640 3095 704 3153 exit
717 3093 819 3154 odor?

87 3173 166 3238 Notas
181 3198 258 3258 ergo
273 3179 365 3239 nimis
379 3177 505 3238 fraudes
521 3176 737 3258 deprensaque
750 3178 835 3239 furta

118 3261 173 3322 Iam
186 3261 280 3325 tollas
295 3270 329 3323 et
344 3264 386 3322 sis
400 3264 487 3323 ebria
501 3260 693 3342 simpliciter.

344 3427 345 3430 ¹
417 3399 600 3462 LXXXVIII

88 3505 207 3589 ileirne,
233 3529 325 3592 quern
338 3517 460 3593 raptum
475 3512 598 3573 domino
616 3513 828 3573 arescentibus
842 3509 930 3569 anule

118 3591 263 3656 Lauicano
276 3595 341 3658 levi
358 3599 477 3678 eespIte
491 3595 574 3657 velat
589 3598 716 3670 humus,
