2442 4209
302 314 645 377 nrronoosnmsou
658 315 734 377 nn.
748 316 787 380 v.
1003 288 1066 381 ιιι

484 467 604 531 noun.

114 566 264 647 Nunquam
279 585 313 627 se
328 585 456 628 cenasse
472 565 555 627 domi
567 566 661 629 Philo
675 568 773 645 iurat,
795 573 829 629 et
842 570 902 630 troo
914 577 978 633 eat:

148 651 216 713 Non
231 658 338 731 cenat,
361 652 504 731 quotiens
517 669 608 712 nemo
624 653 743 713 roosrit
756 670 836 713 euna.

477 782 611 849 xnvlu.
703 772 712 785 ⁰

114 900 187 978 Quid
199 920 262 961 non
276 902 359 979 cogit
374 901 480 962 amori
501 902 602 962 secuit
617 896 746 962 nolente
761 901 890 983 capillos

147 983 299 1065 Encolpos
314 984 455 1063 domino,
476 1005 539 1046 non
554 986 743 1066 prohibente
757 993 870 1049 tamen

112 1068 250 1130 Permisit
263 1070 412 1149 flevitque
427 1069 568 1131 Pudens:
591 1073 637 1132 sio
652 1072 747 1131 cessit
760 1072 891 1133 hettonis

151 1153 267 1214 Audaci
282 1163 410 1233 questus
426 1153 466 1215 de
480 1154 679 1217 Phaethonte
694 1161 798 1235 pater:
832 1223 836 1231 ,

24 1306 26 1323 k
82 1235 195 1299 ‘t'l'alis
210 1245 316 1318 raptus
330 1236 444 1317 Hylas,
466 1237 538 1300 tulis
554 1237 727 1318 deprensus
742 1239 884 1301 Achilles

24 1328 26 1351 '
148 1322 295 1403 Deposuit
309 1322 462 1401 gaudens,
485 1329 584 1383 matre
601 1320 746 1402 dolente,
769 1344 880 1388 eomas.

113 1405 170 1466 Sed
181 1412 216 1466 tu
228 1425 269 1467 ne
283 1406 434 1489 propera,
456 1408 602 1469 brevibus
617 1426 676 1469 noe
690 1407 786 1469 oredo
801 1407 938 1490 capillis,

149 1490 310 1570 Tardaque
324 1511 382 1572 pro
397 1498 483 1553 tunto
498 1506 644 1569 munere,
665 1494 776 1572 barba,
798 1494 877 1556 veni.
980 1522 984 1533 ·

488 1624 594 1689 XLIX.

112 1723 257 1787 Vidissem
272 1723 364 1785 modo
380 1725 464 1787 forte
479 1746 548 1789 curn
562 1726 725 1791 sedentem

25 1804 26 1817 ¹
113 1807 207 1869 Solum
221 1816 273 1888 te,
294 1808 451 1890 Labiene,
471 1818 538 1872 tres
552 1814 665 1891 putavi.

113 1892 216 1954 calvae
229 1913 281 1954 me
295 1913 441 1955 numerus
455 1901 527 1957 tuae
542 1895 674 1958 fefellit:

25 2012 26 2023 ι
112 1976 181 2039 Sunt
193 1976 283 2039 illino
299 1980 375 2056 tibi,
397 1986 468 2040 sunt
483 1987 516 2041 et
529 1982 601 2039 hino
617 1980 736 2061 capilli,

94 2060 217 2138 thsles
230 2062 281 2123 aei
294 2082 425 2142 puerum
440 2062 554 2125 dooere
570 2067 700 2145 possint.

112 2146 220 2207 Nudum
235 2153 286 2208 est
299 2148 332 2207 in
347 2146 449 2208 medio
465 2154 572 2228 eaput,
594 2168 653 2209 neo
667 2148 749 2210 nllus

111 2229 140 2289 In
153 2229 241 2311 longa
254 2230 339 2312 pilus
354 2250 427 2293 area
440 2239 574 2293 notatur.

111 2313 164 2375 Hie
177 2333 266 2377 orror
283 2316 342 2377 tibi
355 2316 476 2396 profuit
488 2317 672 2396 Decembri,

111 2396 197 2478 Tum,
218 2420 289 2461 cum
302 2399 433 2481 prandia
447 2402 530 2461 misit
543 2401 731 2481 hnpeastor:

80 2480 175 2543 ltCum
189 2483 357 2565 panariolis
372 2486 472 2547 tribus
486 2485 607 2547 redisti.

111 2564 210 2628 Talem
225 2569 403 2649 Geryonem
417 2570 513 2631 inisse
528 2569 636 2630 oredo.

110 2648 204 2731 Vites,
227 2672 357 2731 censeo,
379 2656 533 2735 porticum
546 2651 704 2733 Philippig

111 2732 139 2793 Si
151 2741 183 2796 te
196 2736 310 2799 viderit
324 2737 496 2816 Hercules,
515 2738 639 2819 peristi.

517 2873 552 2933 n.

112 2980 187 3044 Ceno
202 2983 285 3045 domi
298 2988 460 3065 quotiens,
482 2988 605 3066 uisite,
629 2989 821 3069 Charopine,
842 2990 963 3068 vocavi,

28 3070 32 3175 p
145 3066 292 3171 Protinus·
300 3070 444 3173 ingentes
459 3078 531 3173 sunt
544 3072 742 3151 inimicitiae,

29 3211 32 3220 ,
110 3148 215 3231 Meque
230 3149 309 3213 aelus
324 3160 434 3216 strroto
449 3155 584 3217 medium
599 3154 785 3235 transfigere
799 3154 901 3236 terro,

145 3233 177 3295 St
188 3244 327 3297 nostrum
342 3248 408 3299 stne
424 3246 456 3300 te
471 3242 532 3301 sois
546 3236 677 3301 saluisse
691 3240 803 3303 focum.

94 3316 169 3378 oNee
182 3319 285 3381 semei
294 3328 369 3401 e‘rgo
384 3324 460 3385 mihi
469 3324 590 3401 -iurtum
604 3325 720 3385 iecisse
734 3324 864 3385 lioebiti

30 3427 31 3431 ¹
145 3402 311 3485 Inprobius
325 3404 406 3469 nihil
418 3414 468 3469 est
481 3410 556 3487 hoo,
578 3409 772 3490 Ghoropine,
793 3406 872 3489 guis.

111 3483 214 3549 Desine
228 3490 288 3550 iam
303 3497 458 3571 nostram,
478 3512 610 3573 precor,
630 3496 798 3554 observare
813 3492 960 3572 culinam,

146 3571 244 3653 Atque
261 3573 425 3656 aliquando
441 3596 530 3639 meua
543 3577 599 3640 oet
612 3580 671 3639 tibi
682 3578 777 3639 verba
792 3576 891 3641 foous.
