2442 4209
165 318 228 385 258
492 320 536 383 Μ.
551 318 645 385 VAL.
661 318 889 381 Man'rmms

249 474 345 535 l'oma
363 473 446 555 quod
459 475 592 535 hiberna
606 472 848 535 maturescentia
862 493 965 554 capsa,

290 559 414 620 Arbore
434 558 516 639 quod
530 578 626 619 verna
639 555 816 618 luxuriosus
829 576 924 637 agen·
1015 578 1021 589 ·

227 645 297 706 olle
311 643 460 705 Palatinis
476 643 617 704 dominae
633 642 717 722 quod
733 642 842 702 Serica
855 640 984 723 praelis,

292 728 405 790 Sucina
418 730 557 807 virginea
572 728 656 809 qnod
670 726 810 807 regelata
824 746 933 802 manu;

249 814 408 894 Amphora
423 811 505 893 quod
523 814 623 892 nigri,
645 811 702 873 sed
714 810 810 892 longe
824 812 942 890 fractu,
962 809 1096 891 Falerni,

292 897 381 975 Quod
396 899 450 977 qui
467 898 604 958 Sicanias
619 896 741 957 dctiuet
754 897 865 958 hortus
878 914 968 976 apes;

250 981 342 1059 Quod
356 982 460 1043 Cosmi
475 980 623 1042 redolent
637 980 790 1041 alabastra
803 980 929 1062 focique
944 978 1080 1060 deornm,

211 1078 243 1129 10
293 1064 383 1143 Quod
398 1064 490 1127 modo
506 1064 652 1126 divitibus
665 1063 753 1146 lapsa
767 1084 881 1125 corona
895 1066 1003 1126 comice
1199 1079 1201 1164 p

250 1148 379 1229 Singula
394 1149 467 1230 quid
481 1149 604 1210 dicam?
626 1169 689 1210 non
706 1156 777 1210 sunt
790 1150 882 1225 satis;
904 1151 1002 1211 omnia
1014 1150 1116 1211 misce:

293 1235 361 1295 lloc
375 1236 516 1314 fragrant
530 1236 621 1314 pueri
635 1235 720 1294 hasla
735 1252 823 1293 mane
838 1236 908 1296 mei.

251 1319 339 1379 Scire
355 1320 441 1400 cupis
455 1319 593 1379 nomen?
610 1320 642 1398 si,
656 1325 787 1400 propter
803 1320 905 1398 haria,
925 1319 1035 1381 dicam:

292 1405 412 1465 lurauti.
441 1403 574 1464 Nimium
589 1404 686 1481 scire,
707 1402 838 1481 Sabine,
860 1405 955 1485 cupis,

663 1536 715 1599 lx.

253 1651 364 1714 Clarus
378 1651 493 1714 fronde
508 1654 603 1732 loris,
625 1652 754 1713 llomani
767 1652 849 1713 fama
864 1654 1024 1733 cothurni,

295 1737 401 1819 Spirat
414 1736 547 1821 Apellea
562 1736 706 1798 redditus
721 1742 789 1797 arte
803 1738 935 1802 Memor.

669 1891 708 1952 Χ.

252 2001 394 2065 Contulit
408 2002 446 2063 ad
461 2005 572 2063 satiras
585 2005 724 2083 ingentia
737 2009 867 2084 pectora
882 2002 1015 2063 Turnus.

294 2089 357 2149 (iur
371 2107 432 2148 non
449 2087 487 2149 ad
500 2088 651 2149 Memoris
667 2088 825 2148 carmina?
854 2087 966 2149 Frater
982 2091 1060 2149 erat.

666 2223 717 2285 Xl.

253 2333 365 2416 Tolle,
387 2354 483 2417 puer,
504 2333 619 2398 culices
632 2335 794 2416 tepidique
809 2341 982 2396 toreumata
995 2332 1060 2397 Nili

198 2442 201 2446 ·
292 2421 334 2483 Et
347 2422 422 2488 mihi
437 2439 546 2482 secura
559 2419 670 2501 pocula
685 2418 775 2481 trade
789 2438 896 2499 sumu,

249 2502 342 2566 'lrlta
355 2511 478 2585 patrum
490 2504 586 2566 lahris
602 2510 635 2565 et
648 2511 739 2566 tonso
754 2524 831 2585 pura
845 2504 1003 2578 ministro,

282 2591 422 2650 Anticus
437 2592 551 2651 mensis
564 2591 750 2651 restituetur
764 2590 874 2649 honor.

228 2672 302 2735 5'l'e
316 2680 426 2756 potare
441 2673 533 2737 dccet
547 2692 682 2755 gemma,
705 2674 757 2754 qui
772 2672 918 2734 Mentora
931 2671 1051 2752 frangis

274 2756 327 2825 lu
343 2760 501 2847 scaphium
517 2761 682 2838 moechae,
705 2755 942 2838 Sardanapalie,
964 2765 1047 2818 tuac

658 2894 724 2958 Xll

254 3006 303 3067 lus
317 3006 376 3066 tihi
390 3012 532 3068 natorum
548 3005 598 3067 vel
615 3012 751 3086 septem,
775 3005 882 3085 Zoilc,
905 3003 1014 3083 detur,

294 3091 373 3150 Dum
387 3097 516 3151 matrem
531 3108 623 3165 nemo
639 3088 694 3151 det
652 3091 783 3287 XItihi,
805 3108 896 3151 nemo
910 3095 1043 3171 patrem.

252 3340 398 3421 Quisquis
412 3339 592 3403 Flaminium
607 3226 721 3419 terisl,
722 3341 838 3419 viator,

250 3423 322 3486 Noli
336 3423 443 3486 nohile
456 3426 632 3507 praeterire
649 3444 792 3487 marmor.

250 3510 345 3571 Urhis
361 3508 493 3571 deliciae
510 3508 654 3591 salesque
668 3508 748 3589 Nili,

251 3596 312 3655 Ars
329 3600 361 3655 et
376 3595 490 3672 gratim
514 3595 598 3656 lusus
614 3601 648 3655 et
661 3592 819 3675 uoluptas,
