2442 4209
151 337 215 405 270
476 339 520 403 M„
536 338 629 405 VAL.
643 338 869 403 Mauritius

575 546 580 559 '
640 540 705 605 LV.

235 640 387 701 Hortatur
400 640 471 701 fleri
491 637 573 719 quod
587 645 625 713 te.
634 640 756 721 Lupus,
775 641 909 720 Urbioe,
929 650 1083 724 patrem‚.

277 724 324 784 Ne
339 722 466 799 credas3
488 720 567 785 nihil
582 731 646 804 est,
669 724 752 805 quod
765 725 867 785 miuus
880 724 939 787 ilie
954 725 1036 789 velit.

115 874 121 885 „
236 809 296 869 Ara
311 815 360 868 est
374 805 518 890 captandi
532 806 618 886 quod
629 805 712 869 nolis
724 807 805 870 velle
819 808 936 885 videri3

276 891 324 952 Ne
338 892 433 953 facias
447 896 548 972 optat,
573 890 657 971 quod
671 900 760 972 rogat
773 899 808 954 ut
826 893 931 955 iauiaa·

213 975 326 1037 alitent
341 981 562 1056 praegnantem
576 982 677 1037 tusae
692 977 843 1039 Goaeouia
856 984 990 1039 tantuma

276 1058 426 1120 Pallidior
439 1060 496 1120 iiet
510 1060 569 1121 iam
584 1061 728 1140 pariente
741 1060 856 1143 Lupus.

234 1145 276 1205 At
289 1152 323 1205 tu
338 1141 467 1205 oonsilio
483 1142 617 1205 videaris
631 1151 667 1207 ut
680 1163 754 1208 uaur
767 1146 874 1224 amici,

277 1228 328 1289 Sic
342 1245 481 1308 morere,
501 1233 537 1289 ut
549 1227 664 1292 faotuur
680 1234 713 1289 t'e
727 1234 818 1309 putet
830 1247 900 1294 ease
913 1235 1041 1311 patrem.

235 1422 326 1503 Quod
339 1425 463 1485 nimium
478 1430 626 1500 mortem,
648 1424 843 1485 Chaeremon
858 1422 978 1503 Stoice,
999 1421 1120 1502 laudat,-

276 1508 332 1571 Via
348 1509 478 1568 animum
493 1510 589 1568 mirer
604 1510 829 1588 suspiciamque
843 1514 937 1569 tuum.

234 1593 322 1653 Hanc
336 1594 394 1653 tibi
408 1593 553 1653 virtutem
568 1591 668 1652 tracta
681 1593 757 1653 fauit
769 1610 882 1653 urceus
897 1609 968 1652 ausa

276 1678 317 1737 Et
330 1676 430 1737 tristia
443 1673 529 1736 nullo
545 1677 597 1755 qui
611 1682 703 1757 tepet
714 1678 786 1755 igue
799 1677 899 1754 iocus,

215 1760 280 1824 5Et
293 1767 382 1839 teges
396 1768 429 1821 et
444 1760 542 1821 cimex
556 1766 589 1820 et
602 1760 679 1821 nudi
694 1758 813 1841 sponda
826 1760 961 1840 grabati,

274 1845 317 1907 Et
333 1845 437 1906 brevia
452 1850 544 1923 atque
558 1842 667 1904 eadem
681 1851 773 1906 noete
788 1843 903 1925 dieque
916 1851 996 1923 toga.
1198 1921 1199 1928 ἵ

233 1929 260 1989 0
275 1948 365 2008 quam
379 1948 505 2008 magnus
519 1928 610 1988 homo
626 1946 677 2006 es,
700 1930 753 2009 qui
767 1929 856 1990 fasee
868 1929 1010 1989 rubentis
1022 1929 1094 1989 aceti
1198 1941 1200 2002 ς

274 2013 316 2073 Et
333 2010 445 2095 stipula
460 2018 493 2071 et
505 2013 595 2091 nigro
610 2029 690 2092 parre
706 2031 813 2073 carere
826 2015 932 2094 potes!
1198 2013 1200 2072 Ι

231 2097 414 2158 Leuconicis
429 2093 559 2177 agedum
573 2101 692 2157 tumeat
705 2097 762 2157 tibi
777 2096 890 2158 culoita
902 2096 982 2159 lauis

192 2190 226 2243 10
275 2181 537 2259 Constringatque
551 2185 621 2241 tuoa
632 2199 768 2260 purpura
782 2199 860 2261 pera
873 2189 976 2261 toros,

232 2263 371 2325 Dormiat
385 2269 418 2324 et
431 2271 550 2341 tecum,
574 2265 627 2343 qui
643 2283 712 2324 oum
727 2264 818 2324 modo
833 2265 974 2326 caecuba
988 2268 1089 2327 miscet

274 2348 422 2411 Convivas
435 2366 527 2409 roseo
542 2352 678 2409 torserat
693 2366 748 2408 ore
764 2366 859 2428 puer=
916 2372 922 2378 ·
1196 2417 1197 2446 1

232 2434 258 2494 0
274 2451 363 2512 quam
379 2440 414 2492 tu
429 2433 534 2514 cupies
552 2438 603 2491 ter
618 2431 721 2492 rivere
735 2432 878 2493 Nestoris
892 2453 988 2494 anuos
1196 2455 1197 2506 i

272 2517 314 2579 Et
327 2514 406 2576 nihil
422 2534 461 2576 ex
474 2512 538 2577 ulla
551 2513 689 2595 perdere
701 2515 774 2576 luoa
786 2515 888 2577 voles!
1196 2523 1198 2596 i

191 2601 334 2663 15Rebua
347 2602 380 2660 in
395 2601 532 2677 augustia
546 2596 642 2659 facile
658 2606 708 2662 eat
723 2607 924 2663 contemnere
937 2602 1043 2663 vitam:

271 2684 412 2746 Fortiter
425 2682 482 2745 ille
496 2683 586 2761 iacit,
609 2684 663 2762 qui
676 2684 772 2745 miser
788 2703 858 2745 esse
871 2691 985 2765 potest.

624 2796 715 2860 nvn.
728 2792 732 2799 ’

229 2894 371 2974 Miraris,
394 2893 485 2955 docto
502 2891 585 2975 quod
598 2897 734 2958 carmina
750 2898 839 2959 mitto
855 2896 989 2973 Severo,

272 2976 321 3038 Ad
337 2997 442 3039 cenam
457 2998 525 3040 euru
540 2984 588 3059 te,
604 2977 696 3040 docte
712 2980 844 3061 Serere,
863 2981 991 3042 rocem?

228 3062 367 3143 luppiter
383 3063 536 3124 ambrosia
549 3070 635 3125 autur
649 3070 699 3125 eat
713 3073 747 3125 et
760 3072 887 3127 nectare
901 3066 991 3140 rivit3

269 3146 333 3208 Noa
347 3154 451 3209 tamen
465 3155 535 3209 exta
548 3148 611 3209 iovi
627 3146 721 3210 cruda
736 3168 915 3230 merumque
930 3148 1043 3212 damus.

206 3230 342 3292 50mnia
356 3251 424 3293 oum
438 3233 496 3293 tibi
514 3233 577 3293 aiut
592 3231 673 3293 dono
688 3252 835 3297 eouoeasa
849 3233 993 3311 deorum,

271 3314 305 3376 si
320 3314 403 3395 quod
415 3318 511 3378 habea
526 3336 588 3377 uon
601 3317 663 3395 ria,
685 3331 760 3398 ergo
777 3316 850 3398 qual
865 3315 1019 3399 accipies?

228 3514 305 3575 tium
319 3531 368 3574 me
383 3511 464 3574 velle
477 3512 564 3577 videa
579 3430 778 3594 afflone,
800 3513 1010 3594 Telesphore,
1027 3509 1124 3588 sautia,

270 3598 384 3675 Magna
395 3615 504 3676 rogas;
524 3603 598 3679 puta
611 3616 662 3658 me
676 3596 774 3658 velle:
796 3615 911 3676 negare
924 3595 1007 3667 lieet.
