2442 4209
276 372 617 435 EPIGRAMMATON
630 371 703 432 LlB.
719 372 770 434 IX.
981 372 1045 437 205

92 531 148 590 lam
166 527 344 609 paedagogo
358 526 507 586 liberatus
523 532 562 607 et,
572 527 657 585 cuius

91 611 273 673 Refibulavit
286 609 443 688 turgidum
457 610 547 669 faber
560 628 690 689 penema

17 712 18 763 1
91 696 170 757 Nutu
183 703 324 756 vocaturn
339 693 440 772 ducis,
460 702 493 753 et
506 693 603 773 pudet
617 694 676 752 lari

92 781 273 856 Catoniana,
295 779 446 857 chreste,
470 776 552 857 quod
565 778 642 837 iacis
655 775 768 855 lingua.

454 910 592 973 XXVIII.

91 1026 183 1086 Dulce
198 1024 294 1083 decus
309 1040 435 1099 scenae,
456 1019 599 1081 ludorum
613 1021 709 1097 fama,
726 983 855 1080 Latinus

129 1103 186 1168 ille
201 1126 259 1185 ego
275 1125 358 1184 sum,
378 1104 504 1185 plausus
520 1104 715 1187 leliciaeque
733 1111 821 1179 tuae;

93 1194 146 1270 Qui
162 1197 369 1272 spectatorem
384 1190 470 1270 potui
485 1190 598 1249 iecisse
614 1188 779 1266 Catonem,

82 1298 91 1321 ⁴
128 1275 256 1337 Solvere
277 1275 328 1351 qui
345 1274 455 1334 Curios
468 1273 692 1350 Fabriciosque
706 1291 823 1350 graves.

73 1359 149 1419 ised
163 1357 243 1419 nihil
259 1379 275 1416 a
289 1363 396 1417 nostro
411 1359 541 1437 sumpsit
554 1375 622 1416 mea
636 1357 699 1415 rita
712 1357 836 1418 theatro

127 1444 169 1504 Et
183 1441 249 1503 sola
263 1447 382 1500 tantum
397 1442 536 1500 scenicus
552 1447 619 1500 arte
634 1440 729 1501 feror.

92 1529 150 1587 Nec
164 1533 305 1607 poteram
319 1532 423 1603 gratus
438 1524 644 1585 domino-sine
658 1524 794 1583 moribus
808 1542 893 1585 esse:

128 1612 259 1671 interius
273 1616 393 1669 mentes
407 1610 533 1688 inspicit
545 1607 599 1668 illc
614 1608 701 1669 deus.

95 1695 153 1756 Vos
168 1712 217 1753 mc
230 1693 381 1771 laurIgeri
396 1695 568 1773 parasitum
579 1691 674 1752 dicite
687 1691 823 1770 Phoebi,

62 1790 88 1841 10
128 1780 222 1838 Roma
237 1778 284 1837 sui
298 1775 444 1837 famulum
459 1774 529 1836 dum
547 1777 625 1835 sciat
639 1793 708 1835 csse
722 1776 811 1838 lovis.

468 1889 576 1978 xxm.

95 2034 214 2094 Saecula
228 2032 399 2092 Nestoreae
411 2048 591 2110 permensa,
613 2028 769 2107 Philaeni,
791 2040 954 2109 senectae,

130 2120 226 2198 Rapta
244 2134 279 2175 cs
295 2114 334 2180 ad
346 2114 484 2173 infernas
498 2119 560 2179 tam
577 2114 638 2173 cito
653 2113 733 2173 Ditis
751 2116 868 2192 aquas?

95 2202 243 2261 Euboicae
258 2197 395 2258 nondum
408 2198 589 2257 numerabas
603 2196 695 2275 longa
711 2196 851 2276 Sibyllae

135 2286 301 2364 Tempora:
323 2284 421 2342 maior
436 2287 504 2341 erat
517 2282 674 2340 mensibus
687 2279 744 2340 illa
758 2283 867 2343 tribus.

77 2369 159 2428 5ch
173 2386 250 2448 quac
263 2365 369 2445 lingua
384 2364 470 2425 silet!
493 2384 554 2424 non
569 2363 653 2424 illam
668 2363 754 2423 mille
768 2371 902 2425 catastae

133 2453 321 2527 vincebant,
343 2468 402 2508 nec
418 2467 496 2528 quae
511 2449 602 2507 turba
619 2448 748 2528 Sarapin
763 2457 858 2522 umat3

96 2536 153 2596 Nec
169 2535 311 2595 matutini
326 2535 440 2593 cirrata
455 2539 578 2592 caterva
594 2533 749 2610 magistri,

135 2621 195 2679 Nec
211 2636 289 2699 quae
305 2616 481 2696 Strymonio
497 2615 536 2675 de
553 2634 649 2694 grege
661 2617 728 2695 ripa
742 2622 840 2675 sonat.

99 2704 174 2779 Quae
188 2722 270 2763 nunc
286 2699 468 2761 Thessalico
482 2697 584 2759 lunam
600 2699 756 2759 deducere
772 2700 920 2776 rhombo,

65 2796 92 2847 ib
134 2788 214 2863 Quae
229 2788 308 2846 sciet
321 2785 378 2844 bos
392 2783 463 2843 illos
479 2783 617 2842 vendere
631 2784 702 2845 lena
716 2784 825 2843 toros?

100 2870 142 2931 Sit
154 2872 210 2930 tibi
224 2876 311 2929 terra
327 2866 406 2927 levis
421 2866 571 2943 mollique
586 2868 702 2945 tegaris
716 2868 847 2943 harena,

22 2974 23 2981 ¹
135 2954 178 3014 Ne
192 2960 244 3013 tua
259 2952 455 3031 nonpossint
468 2968 580 3010 cruere
596 2970 666 3011 ossa
681 2969 782 3010 canes.

481 3084 576 3145 XXX.

101 3197 305 3279 Cappadocum
321 3200 419 3260 saevis
434 3201 586 3259 Antistius
602 3198 717 3259 occidit
732 3199 795 3258 oris

134 3283 284 3347 Rusticus.
315 3283 341 3343 0
356 3283 440 3343 tristi
455 3285 583 3343 crimine
596 3292 682 3342 terra
697 3282 826 3342 nocens!

101 3364 222 3427 Rettulit
237 3386 306 3427 ossa
321 3368 390 3426 sinu
404 3368 468 3426 cari
481 3368 608 3445 Nigrina
623 3366 726 3426 mariti

21 3472 23 3521 J
138 3450 177 3511 nt
193 3457 303 3531 questa
318 3449 489 3529 estlongas
506 3470 568 3510 non
583 3452 657 3510 satis
672 3469 742 3510 esse
756 3451 836 3524 vias3

85 3532 231 3615 bcumquc
247 3534 337 3593 ‹laret
348 3540 483 3594 sanctam
497 3533 640 3611 tumulis,
657 3536 767 3613 quibus
783 3532 917 3610 invidet,
930 3550 1048 3607 urnam,
1176 3601 1178 3604 Ι

23 3658 24 3705 3
138 3619 208 3680 Visa
225 3619 283 3678 sibi
299 3624 348 3677 est
361 3624 451 3698 rapto
467 3619 514 3678 bis
529 3616 651 3678 viduata
666 3619 742 3679 viro.
