2442 4209
307 312 648 375 EPIGRAMMATON
662 312 736 375 Lin.
751 314 788 374 X.

94 466 274 543 olunonem,
296 462 470 544 Polyclito,
493 484 578 525 snam
591 466 652 525 nisi
669 465 915 545 fraternorum,

152 550 298 610 lunonem
313 554 438 629 poterat
454 549 553 609 irater
570 568 673 609 amare
688 556 779 611 tuam.

512 683 577 744 XC.

115 795 191 874 Quid
207 793 296 855 vellis
310 792 464 871 vetulum,
485 794 589 873 Ugia,
612 796 765 857 cunnum?

116 878 192 957 Quid
206 880 290 939 busti
304 880 427 938 cineres
441 880 486 937 tui
502 877 653 940 lacessis?

115 964 205 1025 'l'ales
219 960 389 1023 munditiae
403 961 516 1023 decent
529 962 661 1043 puellas.

116 1049 187 1107 Nam
201 1055 236 1108 tu
249 1048 307 1106 iam
324 1065 382 1105 nec
398 1065 472 1106 anus
486 1054 576 1127 potes
590 1046 699 1107 videri.

97 1132 213 1209 olstud,
236 1130 330 1191 credo
345 1131 436 1207 mihi,
457 1126 560 1209 Ligiu,
581 1130 666 1191 belle

116 1216 178 1276 Non
195 1220 293 1275 mater
307 1214 383 1274 lacit
395 1215 559 1292 Hectoris,
581 1214 637 1274 sed
651 1234 736 1274 uxor.

116 1300 223 1377 Erras,
247 1300 273 1358 si
287 1300 346 1358 tibi
361 1318 477 1359 cunnus
492 1299 543 1357 hic
557 1296 696 1376 uidetur,

117 1384 163 1458 Ad
177 1402 267 1462 quem
282 1381 418 1442 mentula
431 1383 593 1463 pertinere
608 1381 699 1443 desit.

118 1469 213 1543 Quare
229 1469 256 1527 si
271 1464 372 1547 pudor
387 1473 452 1544 est,
472 1467 575 1544 Hgio,
596 1464 662 1526 noli

84 1553 240 1614 10Barbam
253 1549 374 1611 vellere
391 1557 512 1611 mortuo
529 1547 623 1611 leoni.

508 1682 585 1743 xci.

120 1797 227 1858 Omnes
245 1798 400 1857 eunuchos
415 1797 510 1856 habet
524 1795 632 1873 Almo,
653 1813 711 1854 nec
726 1796 835 1873 arrigit
850 1797 935 1877 ipse,

157 1882 195 1941 nt
210 1882 369 1962 queritur,
389 1882 489 1961 pariat
504 1880 585 1958 quod
601 1900 655 1940 sua
667 1877 756 1939 Polla
769 1878 856 1942 nihil.

506 2015 596 2076 xclr.

121 2128 211 2208 Muri,
234 2130 356 2209 quietae
372 2129 472 2191 cultor
486 2135 518 2189 et
533 2148 635 2188 comes
649 2130 763 2207 vitae„

123 2212 183 2287 Quo
197 2214 263 2273 cive
276 2215 378 2294 prisca
395 2212 545 2293 gloriatur
560 2214 668 2291 Atina,

123 2296 180 2355 llas
197 2298 253 2357 tibi
267 2295 412 2375 gemellas
428 2299 551 2357 barbari
567 2296 661 2356 dccus
675 2295 737 2356 luci

124 2381 304 2441 Commendo
320 2383 410 2462 pinus
425 2380 574 2459 ilicesque
591 2382 764 2441 Faunorum

106 2464 163 2523 ont
175 2464 341 2525 semidocta
355 2465 437 2525 vilici
450 2484 541 2524 manu
556 2472 688 2524 structas

125 2548 266 2609 Tonantis
285 2570 351 2609 aras
367 2548 548 2628 horridique
567 2548 695 2626 Silvani,

126 2632 200 2707 Quas
216 2634 313 2712 pinxit
326 2635 396 2724 agni
411 2652 503 2713 saepe
519 2634 641 2709 sanguis
656 2638 706 2691 aut
722 2629 831 2703 haedi,

29 2714 30 2771 ζ
109 2714 337 2795 ‘Dominamque
348 2719 448 2787 ‚sancti
462 2718 611 2795 virginem
628 2715 715 2774 deam
728 2712 854 2793 templi,

29 2796 30 2801 ’
127 2799 165 2858 lut
179 2820 265 2879 quem
279 2803 396 2861 sororis
412 2802 566 2881 hospitem
581 2798 668 2859 vides
686 2803 788 2857 castae

29 2916 30 2949 r
94 2883 255 2944 ltMartem
265 2904 401 2945 mearum
418 2881 830 2964 principemllalendarum,

29 2984 30 3033 ;
127 2967 165 3026 Et
178 2967 325 3028 delicatae
339 2967 478 3028 laureum
492 2986 598 3027 nemus
616 2966 745 3038 Florae,

29 3060 30 3123 Τ
129 3051 159 3109 ln
173 3050 250 3129 quod
263 3053 376 3133 Priapo
391 3058 600 3133 persequente
616 3050 762 3128 confugit.

128 3135 191 3194 Hoc
207 3156 294 3197 omne
310 3135 402 3215 agelli
418 3138 492 3196 mite
508 3134 629 3216 parvuli
643 3153 755 3193 numen

29 3238 30 3289 i
130 3218 184 3277 Seu
198 3226 229 3279 tu
245 3236 374 3299 cruore,
396 3223 459 3281 siue
476 3228 546 3280 ture
560 3218 712 3299 placabis:

29 3308 30 3375 ξ
96 3310 123 3360 lt
130 3304 323 3385 „Ubicunque
337 3311 442 3365 vester
458 3303 613 3365 Martialis
629 3303 716 3367 est.“
738 3299 840 3377 dices,

130 3387 222 3466 „llae,
244 3408 334 3468 ecee,
355 3408 474 3449 mecum
489 3388 618 3449 dextera
631 3385 702 3446 litat
715 3386 801 3445 robis

29 3492 30 3523 r
130 3470 239 3533 Absens
256 3472 419 3548 sacerdos;
438 3492 492 3533 vos
507 3478 614 3552 putate
628 3477 827 3551 praesentem

130 3553 165 3614 Iit
178 3556 246 3617 date
262 3554 380 3618 duobus
396 3555 546 3637 quidquid
562 3554 642 3615 alter
657 3554 807 3634 optabit.“
836 3570 840 3578 ·

1004 308 1063 375 251
