2442 4209
256 346 597 408 EPIGRAMMA'I'ON
611 349 686 414 LlB.
701 351 779 413 VIII.
972 352 1035 419 189

91 496 224 575 Diligeris
238 498 353 578 populo
369 519 430 559 non
446 507 577 579 propter
590 503 743 581 praemia,
763 504 895 581 Caesar,

123 582 253 661 Propter
266 589 298 641 te
313 582 446 663 populns
460 586 611 663 praemia,
634 586 764 664 Caesar,
788 595 876 659 amat.

482 712 545 774 LV.

90 822 209 883 Auditur
225 829 372 903 quantum
389 824 525 905 Massyla
539 845 596 906 per
612 828 677 886 avia
692 845 843 904 murmur,

124 908 281 968 Innumero
298 910 441 988 quotiens
457 909 534 969 silua
548 910 640 970 leone
655 910 747 987 furit,

90 990 211 1051 Pallidus
228 994 377 1052 attonitos
394 992 432 1052 ad
444 994 549 1053 Poena
566 993 695 1073 mapalia
709 1000 816 1073 pastor

126 1075 196 1134 (lum
212 1082 339 1135 reuocet
353 1086 456 1136 tauros
473 1084 506 1137 et
520 1078 587 1137 sine
601 1083 707 1137 mente
721 1096 834 1156 pecus:

75 1156 199 1218 alantur
214 1161 247 1218 in
263 1161 399 1220 Ausonia
414 1161 542 1221 fremuit
556 1160 647 1221 modo
662 1167 766 1221 terror
781 1163 907 1223 harena.

27 1278 28 1287 a
127 1242 195 1317 Quis
210 1262 273 1303 non
289 1262 358 1303 esre
375 1262 501 1323 gregem
516 1246 684 1305 erederet?
706 1264 784 1304 unus
800 1254 883 1324 erat,

93 1324 145 1384 Sed
159 1328 243 1385 auius
259 1334 432 1387 tremerent
443 1330 504 1409 Ipsi
519 1348 641 1409 quoque
656 1330 722 1388 iura
736 1328 863 1409 leones,

126 1410 178 1469 (lui
193 1409 334 1471 diadema
349 1410 438 1473 daret
453 1432 605 1473 marmore
619 1413 702 1494 pieta
716 1413 836 1473 Nomas.

93 1492 113 1551 0
128 1501 267 1571 quantum
282 1513 340 1575 per
355 1494 436 1556 oolla
450 1496 563 1575 decus,
587 1516 677 1575 quem
692 1498 805 1576 sparsit
819 1499 968 1559 honorem

63 1584 87 1635 lo
125 1578 222 1637 Aurea
235 1578 374 1658 lunatae,
395 1601 462 1640 eum
479 1582 582 1658 stetit,
604 1582 711 1640 umbra
726 1582 832 1641 iubae!

94 1660 217 1721 Grandia
232 1683 321 1740 quam
337 1664 442 1725 deruit
455 1665 550 1725 latum
565 1664 713 1725 venabula
728 1673 836 1744 pectus

128 1746 304 1826 Quantaque
320 1748 359 1809 de
375 1768 481 1827 magna
497 1748 605 1827 gaudia
619 1756 720 1808 morte
736 1747 821 1809 tulit!

93 1828 172 1888 Unde
188 1832 265 1908 tuis,
287 1832 403 1912 Libye,
426 1841 488 1892 tam
502 1831 579 1893 felir
594 1831 694 1911 gloria
709 1832 816 1892 silvis?

127 1914 152 1972 A
168 1914 302 1993 Cybeles
317 1916 465 1995 numquid
480 1924 607 1977 uenerat
621 1915 678 1977 ille
692 1918 787 1995 iugo?

62 2003 85 2054 15
92 1994 131 2055 Au
145 2000 239 2076 magis
253 1998 430 2078 Herculeo,
452 2002 654 2078 Germanice,
676 2002 760 2061 misit
774 2002 811 2060 ab
827 2010 909 2061 astro

126 2081 210 2141 IIanc
225 2083 283 2143 tibi
297 2084 349 2144 vel
362 2085 477 2162 frater,
499 2083 549 2143 vel
564 2091 654 2164 pater
669 2086 737 2164 ipse
752 2085 873 2144 ieram?

476 2226 552 2288 LVI.

92 2333 287 2417 Temporibus
301 2341 416 2399 nostris
433 2347 516 2400 aetas
532 2360 600 2399 oum
616 2338 706 2398 cedat
722 2358 844 2397 avorum

125 2420 265 2481 creverit
281 2429 314 2482 et
328 2425 425 2483 maior
441 2444 509 2483 cum
525 2421 602 2483 duee
618 2423 713 2482 Roma
728 2440 800 2499 suo,

91 2500 237 2581 Ingenium
252 2508 333 2566 sauri
348 2509 468 2567 miraris
484 2507 594 2567 deesse
609 2507 765 2582 Maronis,

125 2588 185 2649 Neo
201 2609 383 2669 quemquam
398 2597 483 2651 tanta
498 2590 583 2651 bella
597 2609 708 2651 sonare
725 2591 807 2649 tuba.

75 2669 163 2731 tsunt
175 2674 393 2753 Maecenates,
414 2695 475 2735 non
492 2675 643 2752 deerunt,
664 2673 793 2749 Flacce,
816 2674 963 2733 Marones

27 2826 28 2837 χ
125 2756 356 2837 Vergiliumque
372 2760 429 2820 tibi
442 2758 492 2819 uel
508 2767 559 2819 tua
573 2779 646 2818 rura
662 2756 786 2818 dabunt.

90 2836 186 2917 iugera
200 2841 384 2920 perdiderat
398 2846 529 2903 miserae
543 2845 644 2903 uiciua
659 2843 830 2903 Cremonae

27 3000 28 3003 Ἴ
125 2921 234 2984 Flebat
248 2933 281 2985 et
296 2925 442 2987 abductas
458 2927 587 3005 Tityrus
604 2945 697 3003 aeger
712 2942 795 2984 ovea.

27 3006 28 3069 l
90 3003 161 3066 Risit
176 3009 295 3068 Tuscus
311 3028 425 3089 eques,
448 3016 725 3090 paupertatemque
740 3007 901 3087 malignum

27 3088 28 3093 ’
61 3093 85 3145 1⁰
126 3090 271 3171 Reppulit
286 3100 319 3152 et
335 3091 434 3154 celeri
449 3096 539 3154 iussit
555 3096 640 3154 abire
656 3094 737 3171 iuga.

27 3230 28 3233 ,
90 3174 216 3255 „Accipe
232 3176 355 3237 diuitias
370 3183 402 3237 et
418 3185 518 3238 vatum
533 3180 680 3237 maximus
696 3183 781 3249 esto;

126 3257 173 3318 Tu
185 3258 261 3320 licet
277 3267 311 3321 et
323 3263 485 3321 nostrum“
501 3261 578 3322 dixit
593 3259 729 3339 „Alexin
744 3263 860 3324 ames,“

88 3340 207 3404 Astabat
221 3344 338 3404 domini
352 3348 468 3405 mensis
483 3345 711 3425 pulcherrimus
726 3343 782 3404 ille

27 3422 28 3461 3
123 3425 299 3488 Marmorea
311 3429 444 3489 fundens
458 3432 547 3509 nigra
561 3428 696 3489 Falerna
710 3448 815 3507 manu,

59 3507 119 3566 uin
131 3508 224 3571 libata
239 3510 331 3573 dabat
345 3515 446 3574 roseis
460 3515 619 3574 carchesia
635 3512 750 3588 labris,

124 3594 205 3669 Quae
219 3603 366 3676 poterant
379 3598 479 3678 ipsum
494 3597 664 3657 sollieItare
680 3597 791 3656 Iovem.
