2442 4209
405 791 763 889 Instituit.

126 1077 203 1174 Post
219 1117 310 1175 editos
330 1119 441 1176 Grimae
458 1135 532 1175 anno
551 1117 770 1191 quadragesimo
787 1117 873 1172 attero
891 1117 1027 1176 MarIIaIis
1045 1121 1103 1192 epi-

61 1207 234 1273 grammaton
246 1205 333 1260 libros
346 1209 443 1260 nactus
456 1220 517 1260 sum
529 1204 634 1274 aliquot
646 1202 812 1274 scriptorum
824 1201 953 1257 codicum
966 1204 1102 1272 subsidia,

62 1286 92 1340 tie
105 1287 208 1358 quibus
221 1287 356 1360 deinceps
369 1287 471 1344 dicam.

118 1372 244 1426 Primum
270 1377 432 1428 accuratam
460 1371 636 1428 collationem
663 1369 771 1426 codicis
791 1369 1014 1443 Edinburgensis
1039 1371 1103 1443 (Ε),

60 1472 141 1526 quam
154 1457 184 1510 in
198 1456 409 1528 Proiegomenis
422 1473 450 1528 p.
464 1455 575 1510 LXXXI
591 1454 775 1510 vehementer
789 1454 1002 1524 desiderabam,
1022 1457 1104 1512 inter-

60 1557 141 1596 cessu
152 1540 298 1595 Weickeri
310 1541 408 1612 accepi
420 1557 436 1595 a
449 1540 521 1596 Gelai.
531 1537 697 1607 namucno,
712 1540 874 1610 professore
886 1540 1104 1614 Edinburgensi,

61 1626 102 1696 qui
114 1624 160 1680 vir
171 1623 395 1680 humanissimus
410 1625 560 1680 maximam
571 1629 680 1695 partem
691 1625 753 1696 ipse
765 1626 893 1691 eoniuiit,
913 1626 1022 1695 rcIIqua
1039 1641 1105 1680 con·

60 1707 174 1763 terenda
185 1707 314 1764 studioso
327 1708 438 1764 cuidam
451 1707 546 1763 iuveni
558 1708 711 1776 commisit,
731 1709 777 1780 qui
796 1713 824 1763 et
841 1710 901 1780 ipse
919 1725 1035 1764 munere
1052 1727 1101 1765 suo

61 1794 124 1848 salis
135 1798 214 1848 recte
229 1793 339 1848 iunctus
351 1799 403 1848 est.
435 1793 495 1865 Ego
514 1809 588 1847 nuno
606 1791 683 1863 quod
700 1794 766 1847 oiIm
785 1794 858 1848 tenui
872 1793 1025 1863 specimine
1041 1796 1102 1848 sula

61 1877 139 1932 nixus
153 1876 188 1932 (Ia
201 1876 302 1933 virtute
315 1877 376 1933 libri
388 1877 545 1948 perantiqui
558 1865 684 1932 divinavi
701 1877 794 1948 magis
807 1894 890 1947 quam
902 1877 1102 1945 demonstrem,

62 1977 174 2030 prorsus
187 1959 380 2016 confirmatum
394 1962 515 2032 repperi.
546 1962 655 2016 Etenim
673 1961 765 2016 codex
777 1961 815 2015 ad
826 1960 958 2016 familiam
971 1962 1101 2017 librorum

62 2045 92 2100 Ca
109 2047 147 2099 ita
168 2045 303 2116 pertinet,
322 2052 351 2101 ut
366 2045 626 2117 praestantissimos
648 2046 768 2100 familiae
785 2062 853 2101 suae
873 2050 957 2100 testes
976 2045 1102 2101 XABGV

62 2131 222 2200 pierumque
239 2135 354 2201 aequet,
372 2129 511 2186 interdum
529 2137 657 2200 superet:
677 2129 751 2184 idem
770 2135 845 2185 earet
857 2129 986 2185 omnibus
999 2131 1033 2185 iis
1046 2130 1105 2201 qui-

62 2215 109 2268 bus
121 2215 245 2284 reliquos
259 2213 344 2270 libros
363 2214 490 2270 eiusdem
508 2215 625 2285 orIginis
640 2215 772 2286 Prolegg.
783 2231 813 2285 p.
826 2213 936 2270 CXVIII
949 2232 992 2285 sq.
1005 2231 1103 2269 carere

63 2297 127 2351 dixi.
164 2294 197 2352 Hi
210 2304 302 2353 autem
314 2299 375 2354 libri
387 2306 414 2353 et
427 2299 511 2370 pauci
524 2299 572 2353 alii
584 2316 647 2353 cum
660 2315 695 2352 es
714 2314 768 2353 uno
786 2297 943 2369 codemque
962 2299 1060 2354 codice
1078 2307 1105 2353 et

62 2397 93 2434 co
106 2397 183 2436 saec.
199 2381 237 2436 IX
250 2383 403 2438 vetustiore
415 2398 432 2438 a
444 2383 563 2438 librariis
575 2384 677 2453 partim
689 2382 810 2451 iideIIus‚
817 2382 918 2454 partlm
931 2383 1023 2438 miuus
1035 2383 1105 2438 fide·

62 2467 119 2520 iiler
134 2466 209 2520 ducti
223 2467 292 2535 sint,
314 2469 452 2538 sequitur,
471 2473 547 2523 ulex
561 2468 717 2522 coniunctis
732 2483 828 2522 eorum
846 2467 1011 2523 tesIImoniis
1024 2485 1105 2539 repa·

63 2553 112 2606 rari
124 2551 281 2606 eommunis
295 2552 378 2606 fontis
396 2553 533 2623 scrIptura
549 2553 649 2626 possit.
686 2551 717 2606 ln
733 2567 836 2623 magna
855 2551 939 2623 igitur
955 2552 1056 2607 horum
1074 2553 1105 2607 li-

63 2637 171 2690 brorum
182 2635 334 2690 concordia
346 2652 410 2691 raro
422 2637 529 2702 evenit,
549 2642 577 2690 ut
587 2653 660 2692 unus
672 2637 754 2692 exiis
767 2637 844 2690 solus
855 2651 955 2691 verum
971 2652 1105 2691 servave-

62 2719 92 2772 rit
105 2735 140 2773 ex
156 2717 323 2792 archetypo,
337 2721 434 2791 reliqui
441 2735 544 2777 ,omnes
560 2721 587 2774 in
606 2720 729 2776 deterius
743 2721 816 2792 Iapsi
834 2720 899 2776 sint.
939 2719 1105 2793 Quanquam

61 2808 101 2857 est
114 2804 242 2874 profecto
259 2805 306 2860 ubi
325 2805 411 2860 solius
424 2804 453 2859 E
465 2805 557 2860 scriba
567 2805 654 2875 prisci
666 2806 727 2861 libri
740 2805 840 2861 ductus
851 2806 899 2861 vei
910 2812 1056 2861 assecutus
1070 2806 1105 2862 sii

63 2892 131 2941 reete
143 2888 191 2942 vel
206 2903 271 2942 cum
286 2888 422 2960 reiigione
434 2889 571 2959 pinxerit:
595 2891 711 2960 saepius
729 2890 806 2944 solus
817 2888 864 2944 hic
876 2889 945 2944 iiber
958 2889 996 2944 ad
1006 2891 1105 2946 Putea-

62 2967 304 3042 neivossianique
322 2972 403 3042 (ΧΑ)
421 2973 580 3028 testimonia
595 2973 682 3028 fidem
701 2973 838 3044 adiungit.
879 2972 1056 3046 Religionem
1074 2977 1105 3030 Ii-

63 3056 146 3111 brarii
170 3055 276 3127 pariter
300 3062 382 3128 atque
411 3057 607 3128 cognationem
633 3074 696 3112 cum
717 3051 895 3114 xnsscuvtt
921 3060 981 3112 rell.
1003 3062 1104 3129 paucis

61 3141 194 3211 exemplis
207 3139 365 3195 ostendam.
390 3141 464 3200 Libri
479 3140 499 3207 Ι,
513 3145 572 3209 103,
587 3146 605 3198 4

335 3223 469 3280 Ra'eeruut
482 3223 582 3297 faciles
598 3231 626 3280 et
645 3225 764 3280 tribuere
781 3225 826 3280 dei
1142 3287 1147 3292 Α

60 3307 177 3373 primum
193 3310 312 3364 verbum
333 3309 363 3362 in
382 3307 534 3380 archetypo
551 3325 609 3363 non
631 3309 699 3365 saIIs
717 3315 812 3380 aperte
831 3325 997 3380 expressum
1015 3312 1104 3368 tuisse

62 3388 184 3445 videtur:
204 3407 269 3446 nam
285 3391 315 3446 E
327 3392 471 3461 Animum,
489 3393 522 3448 X
532 3393 685 3457 durarunt,
706 3393 756 3448 AG
763 3392 914 3461 Miserunt,
933 3393 985 3448 BC
992 3395 1104 3452 Hause-

61 3479 127 3538 runt,
145 3473 207 3530 DN
220 3475 371 3531 Auxerunt
389 3475 535 3538 dederunt.
570 3483 597 3543 3,
608 3481 681 3545 20‚⁰l
695 3476 777 3532 Ans'n
789 3478 856 3532 abiit
873 3479 901 3532 in
911 3478 993 3532 ABE
1002 3480 1030 3533 in
1040 3482 1103 3547 Ani,

62 3555 88 3610 X
96 3559 140 3612 An
147 3581 157 3620 ;
176 3565 217 3626 10,
232 3562 276 3627 37,
289 3561 422 3617 ismaele
440 3560 468 3620 ln
481 3560 564 3615 XAE
572 3568 674 3619 meare:
691 3565 717 3625 3,
731 3566 775 3628 93,
791 3564 808 3619 'l
822 3561 850 3614 E
860 3562 1056 3633 corcodrillus,
1075 3566 1109 3622 X

62 3643 246 3710 cocodrillus,
262 3643 335 3700 Aoo
345 3645 507 3700 cocodrillus
513 3667 522 3706 ;
539 3649 565 3712 8,
577 3649 603 3712 6,
618 3651 651 3702 la
662 3645 825 3722 aridusque
835 3660 939 3700 merum
951 3646 979 3698 iu
992 3647 1046 3700 ΑΕ
1051 3666 1103 3719 pr.

64 3722 136 3781 Best
146 3727 285 3798 marsque
295 3743 408 3796 merum,
428 3729 455 3782 iri
467 3727 521 3783 XC
529 3727 682 3800 ebibitlsque
692 3743 810 3794 merum,
830 3729 875 3798 qui
888 3729 1049 3786 contectura
1062 3728 1104 3784 iu-
