2442 4209
76 394 81 401 ·
169 366 232 434 24⁰
493 370 536 431 Μ.
553 369 645 434 VAL.
663 370 892 432 monuistis

294 521 439 600 Haedus,
460 521 618 583 inhumani
630 528 739 602 raptus
753 524 792 583 ah
807 541 863 583 ore
878 520 966 604 lupi,

213 607 292 671 lfflt
308 624 387 685 qnae
401 624 463 666 non
477 612 590 685 egeant
604 606 692 667 ferro
705 608 872 667 structoris
887 605 1014 688 ofellae,

296 690 338 751 iit
352 690 423 750 ishs
438 690 598 751 fabrorum
610 691 844 770 prototomique
858 690 962 753 rudes.

159 850 164 857 ι
250 772 360 835 Pullus
374 771 506 833 adhaec
521 774 670 854 cenisque
682 775 784 835 trihus
796 776 857 835 iam
871 793 968 856 perna
982 782 1119 858 superstes

293 855 454 932 Addctnr3
475 858 587 918 saturis
602 860 690 919 mitia
702 873 793 938 poma
808 858 903 936 daho,

250 941 298 1001 De
311 944 503 1005 Nomentana
515 942 618 1002 vinum
632 943 700 1002 sine
714 941 803 1003 faece
818 940 946 1021 lagona,

208 1035 244 1090 20
291 1024 377 1103 Quae
392 1025 439 1087 his
451 1024 603 1086 Frontino
621 1025 748 1086 consule
762 1028 862 1106 prima
874 1026 943 1089 fuit

253 1109 416 1170 Accedunt
430 1112 497 1170 sine
510 1107 588 1169 felle
605 1110 667 1169 ioci
681 1128 741 1170 neo
755 1129 845 1170 mane
858 1109 998 1171 timenda

293 1194 438 1256 Libertas
453 1201 486 1254 et
498 1191 544 1253 nil
558 1191 642 1272 quod
655 1195 789 1255 tacuisse
806 1194 894 1256 velis.

253 1279 299 1339 De
315 1279 440 1359 prasino
456 1278 581 1337 conviva
595 1295 681 1337 meus
694 1284 870 1359 venetoque
883 1276 1043 1358 loquatur,

293 1362 359 1423 Nec
374 1362 492 1422 faciunt
507 1378 690 1440 quemquam
706 1362 817 1442 pocula
832 1367 941 1423 nostra
953 1380 1046 1423 reum

637 1495 744 1558 xcix.
860 1484 863 1492 ¹

253 1608 329 1670 cum
345 1612 435 1687 potes
450 1608 675 1686 amethystinos
687 1608 820 1667 trientes
839 1583 844 1591 ¹

250 1692 293 1752 Iit
306 1691 395 1770 nigro
411 1687 534 1751 madeas
548 1691 727 1772 Opimiano,

251 1776 403 1854 PropInas
416 1772 508 1833 modo
525 1773 683 1835 conditum
698 1774 845 1835 Sabinum

251 1860 293 1921 Et
306 1858 384 1919 dicis
400 1858 492 1936 mihi,
514 1859 606 1919 Gotts
620 1859 698 1936 „Vis
711 1860 745 1919 in
760 1860 882 1920 anroi“

230 1943 420 2021 hQuisqnam
437 1938 582 2021 plumbea
594 1944 666 2003 vius
677 1939 745 2003 volt
756 1944 790 2002 in
805 1945 908 2004 auro?

670 2076 696 2137 L

250 2190 386 2269 Frangat
398 2189 555 2251 Idumaeas
569 2191 669 2251 tristis
675 2190 825 2253 ·Victoria
836 2190 970 2272 palmas,

294 2273 428 2353 mange,
449 2274 566 2352 Favor,
587 2292 677 2335 saeva
690 2280 820 2355 pectora
833 2275 916 2335 nude
933 2294 1033 2336 mann.

251 2358 356 2420 Mutet
370 2360 480 2420 Honor
495 2356 595 2419 cultus
610 2363 644 2418 et
657 2359 773 2439 iniquis
788 2377 916 2420 munera
929 2358 1059 2420 flammis

293 2444 388 2505 Mitte
405 2448 583 2521 coronatas,
605 2441 713 2503 Gloria
728 2448 858 2521 maesta,
883 2463 995 2504 comas.

228 2528 322 2590 5Heu
336 2528 468 2588 facinus!
490 2527 590 2605 prims
603 2525 780 2606 fraudatus,
802 2527 938 2609 Scorpo,
956 2529 1080 2588 iuventa

294 2610 418 2672 Occidis
432 2618 466 2671 et
479 2611 585 2689 nigros
600 2617 662 2671 tam
677 2611 739 2671 cito
755 2611 857 2691 iungis
874 2630 979 2690 equos.

253 2697 402 2757 Curribus
415 2693 469 2755 ills
483 2696 545 2755 tuis
560 2712 685 2775 semper
696 2707 864 2775 properate
878 2698 1045 2777 brevisque

294 2780 358 2841 Cur
371 2780 431 2840 suit
447 2784 479 2838 et
492 2780 573 2839 vitae
587 2786 650 2839 tam
664 2798 764 2860 prope
777 2785 859 2841 meta
873 2781 968 2841 tuae?

662 2910 711 2973 LI.
807 2961 812 2966 .

255 3028 366 3089 Sidera
381 3031 441 3091 iam
458 3027 572 3108 Tyrius
586 3028 714 3089 Phrixei
728 3030 858 3110 respicit
873 3029 941 3108 agni

296 3113 417 3174 Taurus
432 3118 465 3173 et
480 3110 633 3173 alternum
648 3113 778 3174 Castora
793 3114 874 3192 sugit
887 3113 1004 3185 hiems;

251 3196 346 3258 Ridet
362 3216 450 3276 ager,
472 3198 604 3257 vestitur
621 3198 747 3275 humus,
767 3198 904 3259 vestitur
914 3203 947 3257 ct
962 3197 1071 3273 arhor,

294 3282 452 3343 Ismarium
465 3280 577 3363 pellex·
585 3282 690 3343 Attica
702 3281 805 3362 plorat
818 3283 896 3360 ltyn.
1195 3311 1197 3330 =

121 3405 123 3408 -
212 3368 351 3444 ¹5Quos,
371 3365 535 3445 Faustino,
557 3366 641 3444 dies,
664 3365 771 3445 quales
785 3367 842 3426 tihi
854 3364 1122 3426 Romaltavennae
1195 3431 1197 3442 Ι

293 3450 447 3514 Abstulit!
469 3472 486 3511 o
503 3450 603 3529 soles,
613 3511 616 3515 ,
626 3470 645 3509 o
660 3452 796 3511 tunicata
812 3450 916 3531 quies!
1195 3457 1197 3526 Ῑ

252 3537 418 3614 Onerum,
439 3555 456 3596 o
472 3537 575 3597 fontes
590 3532 785 3615 solidumque
798 3534 950 3597 madentis
964 3534 1097 3594 harenae
1195 3531 1197 3622 j

292 3621 381 3681 Litus
397 3626 430 3679 et
443 3620 606 3698 aequoreis
624 3618 805 3699 splendidus
819 3620 926 3681 Anxur
937 3619 1039 3699 aquis,
