2442 4209
121 346 186 410 306
450 348 496 411 Μ.
511 346 603 410 VAL.
618 346 845 410 munionis

207 502 249 561 Et
263 502 375 561 tinctos
390 499 454 560 sole
467 502 631 580 pruriente
648 501 770 561 chortes

207 586 338 645 Instsuti
354 584 425 663 lege
438 584 536 661 Ruie;
556 583 614 645 sed
626 582 734 665 puello

186 669 458 746 ositremont,
479 687 520 728 ne
536 667 733 729 tulussionem

206 752 327 813 Indicos
342 753 480 813 menibus
496 749 673 813 libidinosis

206 839 248 897 Et
262 837 318 896 fios
334 838 401 896 sine
418 836 532 896 femine
544 838 684 899 moritus.

589 970 698 1035 XCVI.

209 1086 286 1145 Cum
303 1084 360 1144 tibi
375 1089 448 1142 notu
462 1083 508 1142 tui
523 1082 565 1142 sit
578 1083 641 1142 vitu
655 1081 796 1161 fidesque
811 1084 930 1162 meriti,

248 1168 314 1228 Nec
327 1173 449 1249 premet
462 1164 525 1225 ulls
539 1172 609 1226 tuos
625 1164 814 1226 sollicitetve
828 1173 931 1246 toros,

207 1251 288 1330 Quid
304 1254 391 1331 qussi
403 1248 569 1332 pellicibus
583 1252 741 1329 torqueris
755 1252 861 1331 inepto
876 1253 1049 1334 ministris,

250 1338 284 1397 ln
300 1336 409 1414 quibus
424 1341 458 1394 et
471 1335 574 1393 brevis
590 1341 640 1393 est
654 1340 687 1395 et
700 1335 828 1413 fugitivo
842 1334 972 1398 Venus?

186 1420 282 1484 bl'lus
297 1421 356 1479 tibi
370 1416 459 1498 quom
475 1417 598 1477 domino
614 1437 728 1498 pueros
743 1426 903 1499 praestaro
917 1423 1081 1503 probabo:

248 1505 291 1565 Hi
305 1504 436 1579 fuciunt,
459 1509 493 1561 ut
509 1504 552 1562 sis
566 1502 681 1563 temdus
695 1503 761 1563 sols
772 1506 848 1564 viro.

207 1589 250 1649 lli
265 1586 340 1647 dunt
354 1585 437 1666 quod
451 1605 514 1646 non
527 1587 573 1646 vis
587 1605 665 1647 uxor
681 1586 764 1651 dore.
795 1586 863 1665 „Do
878 1580 1021 1667 tomen‚“
1034 1592 1163 1675 inquis,

249 1671 318 1751 „Ne
331 1690 425 1750 rogus
438 1691 456 1729 s
470 1669 611 1731 thulsmis
628 1672 766 1749 coniugis
782 1679 869 1732 erret
883 1674 1000 1733 smor.“

206 1758 276 1818 Non
290 1754 399 1816 eodem
414 1774 466 1815 res
481 1760 545 1814 est:
565 1755 675 1815 Chiam
688 1754 775 1833 volo,
797 1753 870 1815 nolo
884 1758 1060 1819 moriscum.

166 1851 200 1903 10
247 1842 295 1900 Ne
310 1837 433 1900 dubites
447 1856 526 1918 quse
541 1839 582 1898 sit
598 1838 693 1917 cuis,
715 1840 844 1901 morisco
859 1846 911 1901 tus
927 1847 983 1905 est.

208 1926 297 1985 Scire
311 1943 382 1984 suos
398 1924 477 1983 fines
491 1928 631 1983 mstrono
646 1929 680 1983 et
693 1924 808 1984 femine
824 1923 933 1985 debet:

250 2006 337 2069 (lede
352 2028 406 2068 suo
419 2008 540 2088 pueris,
561 2006 652 2067 uteie
670 2014 760 2087 purte
775 2011 835 2069 tuo.

587 2141 708 2204 xcvii.

207 2252 293 2312 Uror
308 2271 376 2312 cum
390 2254 449 2312 tlbi
464 2253 506 2312 sit
517 2250 640 2332 puella,
664 2252 787 2332 qualem

208 2336 298 2398 Votis
312 2338 361 2399 vin
374 2341 461 2417 petet
477 2337 629 2416 improbis
645 2340 790 2415 meritus,

209 2422 319 2503 Dives,
340 2418 471 2498 nobilis,
493 2420 632 2499 eruditu,
654 2428 754 2498 costo,

207 2506 351 2585 Rumpis,
369 2506 483 2583 Basse,
504 2503 602 2583 lotus,
625 2504 728 2565 sedin
743 2506 887 2583 comatis,

186 2589 323 2651 5Uxoris
337 2591 395 2649 tibi
410 2589 483 2652 dote
499 2610 575 2669 quos
589 2590 715 2669 perusti.

207 2674 249 2734 Et
263 2674 308 2734 sic
323 2672 363 2732 od
377 2672 530 2735 dominum
545 2692 671 2735 reverso
684 2672 809 2751 languet

208 2756 313 2817 Multis
329 2758 464 2819 mentula
477 2757 600 2819 milibus
616 2756 792 2837 redempts3

211 2842 296 2918 Quae
310 2861 370 2902 nec
384 2846 509 2905 vocibus
524 2845 657 2903 excitsto
672 2840 808 2918 blandis,

208 2923 303 2988 Molli
318 2924 436 3006 pollice
450 2944 508 2987 nec
522 2934 631 3005 rogatu
645 2927 753 3003 surgit.

169 3012 257 3075 loSit
271 3010 397 3073 tundens
410 3009 528 3090 pudor,
549 3017 600 3071 out
614 3028 719 3069 comus
734 3010 767 3068 in
782 3010 839 3071 ius.

209 3096 276 3156 Non
293 3103 342 3155 est
356 3097 434 3155 hoco
449 3101 515 3172 tuo,
536 3094 646 3155 basse:
667 3086 844 3153 vendidisti.

574 3226 709 3289 xcviii

208 3344 312 3403 Baetis
327 3340 470 3403 olivifero
483 3343 599 3401 crinem
614 3340 759 3402 redimite
774 3361 902 3417 corono,

251 3427 354 3487 Aureo
369 3428 421 3505 qui
434 3425 542 3486 nitidis
556 3424 674 3485 vellera
687 3427 781 3504 tingis
798 3426 902 3506 oquis3

208 3512 306 3588 Quem
320 3512 479 3588 Bromius,
494 3528 585 3589 quem
599 3508 701 3569 Pullos
716 3515 812 3585 smot;
834 3511 883 3569 cui
900 3514 1006 3571 rector
1017 3528 1182 3591 equus-um

249 3594 360 3656 Albulo
373 3596 550 3672 navigerum
563 3611 624 3673 per
637 3593 719 3653 freto
731 3593 841 3675 pendit
853 3595 930 3654 lters
