2442 4209
170 327 210 390 12
495 331 539 391 M.
556 331 646 391 VAL.
661 331 887 391 MAR'l'lALlS

329 484 412 561 Cui,
433 480 535 542 lector
548 482 703 561 studiose,
727 483 808 564 qood
822 483 937 545 dedisti

224 579 239 627 ‘o
336 567 462 628 Viventi
478 566 571 628 decus
585 577 678 648 atque
690 570 854 647 sentienti,

336 651 409 710 Rari
422 657 493 731 post
508 652 630 713 cineres
644 653 760 712 habent
773 663 894 733 poetae.

670 817 705 877 ll.

252 931 312 1007 Qui
324 937 426 992 tecum
443 932 529 1010 cupis
544 949 614 991 esse
628 950 714 994 meos
729 932 903 1011 ubicunque
916 930 1044 992 libellos

293 1015 335 1076 ut
349 1016 477 1074 comites
489 1012 602 1094 longae
619 1016 742 1094 quaeris
754 1017 871 1077 habere
882 1017 966 1094 viae,

253 1100 318 1158 Hos
331 1117 415 1176 eme,
440 1119 515 1178 quos
529 1106 610 1159 artat
621 1100 766 1162 brevibus
781 1102 958 1161 membrana
968 1100 1104 1162 tabellis:
1199 1098 1200 1153 1

295 1183 416 1244 Scrinia
427 1181 466 1242 da
479 1185 611 1262 magnis,
633 1203 683 1244 me
697 1204 803 1244 manus
817 1204 877 1245 una
892 1187 982 1264 capit.

224 1267 297 1328 5Ne
310 1273 413 1327 tamen
427 1269 551 1345 ignores
567 1269 621 1328 ubi
635 1271 692 1328 sim
705 1269 837 1347 venalis,
859 1275 892 1328 et
908 1288 996 1328 erres

293 1351 380 1412 Urbe
394 1370 486 1430 vagus
501 1358 583 1430 tota,
605 1371 655 1412 me
668 1353 746 1413 duce
764 1361 867 1414 certus
882 1355 960 1414 eris:

251 1436 413 1496 Libertum
428 1436 511 1496 docti
525 1437 675 1497 Lucensis
692 1457 807 1516 quaere
821 1437 996 1498 Secundum

292 1520 412 1580 Limina
426 1528 497 1600 post
511 1521 599 1582 Pacis
615 1521 848 1602 Palladiumque
862 1523 971 1582 lorum.

662 1685 710 1744 111,

251 1795 448 1874 Argiletanas
461 1799 555 1858 mavis
567 1798 708 1858 habitare
722 1800 882 1875 tabernas,

295 1882 372 1941 Cum
386 1883 461 1960 tibi,
483 1900 577 1963 parve
590 1881 691 1961 liber,
714 1885 828 1943 scrinia
842 1888 949 1942 nostra
963 1889 1075 1941 vacent

250 1965 375 2043 Nescis,
398 1968 476 2044 heu,
498 1967 599 2025 nescis
616 1964 758 2027 dominae
771 1966 896 2027 fastidia
910 1966 1044 2026 Romaez

295 2050 398 2110 Crede
412 2051 503 2128 mini,
524 2051 650 2109 nimium
662 2051 777 2112 Martia
789 2053 882 2111 turba
895 2052 984 2130 sapit.

222 2141 237 2191 5
250 2133 388 2193 Maiores
400 2153 547 2212 nusquam
562 2135 712 2214 rhonchi‚
736 2138 924 2214 iuvenesque
937 2153 1092 2215 senesque

293 2218 334 2276 Et
347 2221 437 2298 pueri
452 2237 556 2278 nasum
573 2219 782 2281 rhinocerotis
796 2222 919 2281 habeut.

251 2301 397 2362 Audieris
412 2323 479 2363 cum
493 2303 610 2380 grande
628 2306 761 2385 sophos,
785 2305 856 2365 dum
869 2305 953 2364 basia
968 2305 1066 2364 iactas

294 2385 355 2446 lbis
371 2388 408 2446 ab
425 2405 551 2447 excusso
567 2389 676 2448 missus
689 2391 722 2448 in
735 2396 817 2451 astra
832 2409 913 2468 sago.

251 2469 314 2529 Sed
330 2479 364 2530 tu
377 2489 417 2530 ne
429 2472 543 2531 totiens
559 2473 674 2532 domini
688 2475 807 2553 patiare
821 2472 930 2534 lituras

213 2565 242 2615 {0
295 2553 379 2614 Neve
393 2561 482 2616 notet
496 2553 580 2617 lusus
594 2559 693 2618 tristis
706 2557 846 2618 harundo
862 2564 947 2636 tuos,

250 2639 432 2718 Aetherias,
449 2639 579 2720 lascive,
602 2643 689 2723 cupis
701 2641 833 2702 volitare
846 2662 905 2723 per
919 2660 1022 2702 auras:

292 2724 321 2801 1,
343 2725 433 2802 fuge;
456 2725 511 2784 sed
525 2733 650 2806 poteras
664 2729 762 2788 tutior
779 2747 848 2787 esse
864 2727 955 2786 dorni.

660 2890 709 2950 lV.

251 2999 428 3078 Contigeris
442 3005 583 3079 nostros,
606 3001 738 3080 Caesar,
760 3005 786 3063 si
800 3005 884 3064 forte
898 3003 1042 3082 libellos,

292 3082 462 3146 'l'errarum
474 3082 628 3144 dominum
640 3106 722 3166 pone
737 3088 943 3169 supercilium.

250 3167 447 3228 Consuevere
459 3169 544 3229 iocos
559 3173 657 3231 vestri
673 3190 794 3252 quoque
812 3174 898 3233 ferre
911 3174 1062 3253 triumphi

291 3251 454 3311 Materiam
471 3252 562 3313 dictis
577 3274 636 3314 nec
650 3255 747 3335 pudet
763 3276 832 3318 esse
847 3258 966 3321 ducem.
1057 3258 1059 3261 ’

219 3347 234 3396 ὁ
249 3336 314 3411 Qua
331 3335 504 3416 Thymelen
520 3345 641 3418 spectas
658 3340 890 3420 derisoremque
905 3343 1063 3419 Latinum,

290 3418 345 3480 llla
358 3421 463 3481 fronte
478 3441 591 3502 precor
608 3426 742 3484 carmina
757 3433 863 3486 nostra
878 3425 973 3506 legas.

248 3505 397 3565 Innocuos
413 3524 542 3566 censura
557 3515 663 3587 potest
678 3511 862 3589 permittere
876 3509 977 3570 lusus:

290 3589 416 3650 Lasciva
431 3597 480 3650 est
495 3592 583 3652 nohis
599 3595 726 3672 pagina,
748 3596 811 3654 vita
826 3597 932 3675 proha.
