2442 4209
431 329 476 392 M.
493 327 586 392 VAL.
603 323 833 387 MARTIALIS

581 527 689 592 xciii.

199 647 346 728 „Primus
357 645 410 705 ubi
425 641 496 704 est“
509 644 614 722 inquis
629 661 721 719 „oum
731 642 773 702 sit
786 638 872 701 liber
885 641 946 700 iste
960 637 1189 700 secuudusi“

242 729 325 809 Quid
338 729 464 805 faciam,
484 727 511 790 si
524 725 594 806 plus
609 724 667 786 ille
683 724 813 806 pudoris
826 725 944 794 babet?

200 815 252 876 Tu
263 821 368 876 tomen
381 813 463 871 huuc
477 811 548 871 fieri
565 811 716 888 rimaris,
737 807 874 888 Regale,
896 809 1056 890 primum,

242 899 343 982 Unum
358 895 398 957 ‹le
411 892 504 956 titulo
519 892 636 954 tollere
648 896 713 954 iota
725 899 827 974 potes.

411 1322 457 1396 u.
478 1239 584 1396 raa.
606 1319 864 1395 uiuimus

324 1491 950 1590 bilibliibtlibl

529 1677 684 1744 LIBER
704 1677 759 1739 111.-

627 1865 640 1925 l

204 1983 273 2042 Hoc
288 1981 347 2043 tibi
363 1977 512 2059 quidquid
525 1979 558 2040 id
573 1984 622 2040 est
637 1978 816 2059 longinquis
830 1980 926 2040 mittit
936 1979 975 2039 ob
992 1982 1074 2044 oris

158 2110 163 2116 .
247 2063 348 2125 Gallia
362 2063 517 2123 Romanae
530 2066 655 2124 nomine
671 2063 753 2124 diota
768 2070 870 2144 togae.

204 2149 294 2210 Hune
305 2147 385 2226 legis
401 2154 434 2207 et
446 2146 552 2210 laudas
566 2148 682 2209 librum
696 2149 830 2208 fortasse
843 2149 996 2228 priorem:

245 2231 300 2292 illa
313 2229 366 2291 vel
380 2232 457 2291 haee
473 2251 541 2292 mea
556 2239 644 2311 sunt,
666 2251 744 2312 quae
756 2231 887 2293 meliora
900 2240 999 2313 putas.

183 2313 279 2379 bl'lus
294 2333 367 2375 sane
381 2311 504 2396 placeat
518 2315 641 2377 domina
657 2318 709 2397 qui
724 2323 814 2377 uatus
829 2317 862 2376 iu
875 2319 952 2379 urbe
965 2321 1036 2378 est:

247 2400 350 2460 Debet
366 2401 448 2460 euim
463 2399 588 2461 Gallum
601 2403 728 2463 vincere
742 2419 838 2462 verua
853 2400 945 2463 liber.

622 2536 658 2598 ll.

205 2647 299 2709 Cuius
318 2649 363 2708 vis
378 2649 466 2726 fieri,
485 2646 613 2726 libelle,
635 2649 767 2708 munus?

203 2731 332 2792 Festina
345 2733 404 2793 tibi
417 2732 571 2792 vindicem
580 2751 710 2812 parare,

204 2815 251 2876 Ne
267 2817 387 2895 nigram
401 2817 464 2877 cito
478 2823 585 2896 raptus
600 2817 633 2876 in
649 2815 783 2878 culinam

205 2897 357 2980 Cordylas
371 2899 493 2960 madida
506 2908 593 2979 tegas
609 2919 727 2982 papyro

97 3045 104 3058 ,
183 2980 267 3046 5Vel
282 2985 360 3045 turis
375 2987 531 3066 piperisve
547 2986 590 3044 sis
605 2983 753 3046 ououllus.

203 3067 345 3130 Faustini
357 3069 439 3148 iugis
455 3071 488 3130 iu
505 3069 627 3130 sinum?
645 3069 762 3150 sapisti.

207 3151 310 3213 Cedro
325 3172 408 3214 nuno
418 3151 495 3214 licet
511 3151 649 3218 ambules
662 3158 833 3234 perunctus
864 3227 870 3234 ⁵

205 3236 246 3298 m
260 3237 374 3299 frontis
390 3239 512 3317 gemino
528 3237 644 3298 decens
661 3238 782 3300 bonore

206 3320 304 3382 Pictis
318 3319 486 3383 luxurieris
501 3321 672 3400 umbilicis,

165 3406 249 3468 mut
263 3412 296 3466 te
309 3425 446 3487 purpura
460 3405 592 3469 delicata
606 3404 691 3466 velet

187 3531 190 3536 ι
206 3491 249 3550 lit
263 3509 357 3551 cocco
371 3491 482 3551 rubeat
497 3491 649 3571 superbus
664 3487 767 3554 index.

206 3572 264 3635 Illo
278 3573 400 3636 vindice
416 3594 475 3635 nec
488 3575 624 3635 Probum
639 3575 756 3635 timeto.
