2442 4209
61 292 103 359 Ἃ)

242 369 246 378 ,
383 293 428 354 ιι.
446 292 538 354 van
555 291 781 352 minumus

551 493 616 556 XL.

146 608 205 684 Qui
220 607 307 669 ducis
321 605 422 666 voltus
440 613 473 666 et
489 626 552 667 non
565 605 647 686 legis
660 607 720 666 ista
736 604 891 685 libenter,

188 692 336 752 Omnibus
349 689 504 769 invideas,
524 689 639 768 livide,
660 709 751 750 nemo
764 691 834 751 tibi.

544 825 621 886 XLI.

144 937 287 999 Urbanus
302 940 377 1016 tibi,
400 939 534 1018 caecili,
555 940 680 1000 videris.

144 1021 213 1083 Non
229 1041 278 1101 es,
301 1022 395 1083 crede
410 1025 493 1086 mihi.
526 1024 609 1102 Quid
625 1025 722 1102 ergo?
744 1041 855 1101 verna,

147 1107 215 1167 Hoc
230 1106 314 1186 quod
327 1109 566 1169 transtiberinus
583 1107 774 1187 ambulator,

146 1191 207 1267 Qui
219 1189 370 1272 pallentia
384 1191 565 1272 sulphurata
578 1193 699 1254 fractis-

126 1276 446 1354 5Pcrmntatvitreis‚
468 1277 552 1356 quad
565 1280 683 1338 otiosae

145 1359 264 1420 Vendit
279 1362 331 1440 qui
345 1359 499 1420 madidum
515 1363 598 1421 cicer
613 1379 763 1438 coronae,

146 1443 238 1519 Quod
250 1451 352 1504 custos
367 1443 570 1524 dominusque
584 1446 777 1525 viperarum,
813 1465 819 1472 ¹

145 1527 236 1603 Quod
250 1526 328 1588 viles
341 1529 433 1608 pueri
447 1527 645 1606 salariorum,

145 1610 237 1687 Quod
249 1612 397 1672 fumantia
412 1614 464 1690 qui
479 1611 610 1673 tomacla
626 1631 736 1674 raucus
846 1642 850 1647 ·

104 1707 138 1759 10
146 1696 341 1757 Circumfert
349 1696 465 1777 tepidis
481 1717 572 1757 cocus
585 1697 727 1777 popinis,

146 1778 238 1857 'Quod
253 1799 315 1840 non
330 1783 463 1862 optimus
479 1783 603 1842 urbicus
618 1787 727 1861 poeta,

147 1864 238 1939 Quod
251 1864 290 1926 de
306 1866 443 1927 Gadibus
457 1867 616 1945 improbus
631 1865 788 1944 magister,
919 1922 920 1925 ,

147 1948 238 2024 Quod
252 1951 349 2010 bucca
363 1957 412 2009 est
428 1948 523 2008 vetuli
539 1949 626 2008 dicax
640 1946 770 2008 cinaedi.
901 2003 908 2012 .

146 2034 249 2108 Quare
267 2032 375 2093 desine
389 2034 448 2092 iam
462 2033 520 2092 tibi
534 2032 636 2093 videri

104 2115 397 2194 15Qa0dsolitibi,
417 2116 551 2194 Caecili,
572 2116 705 2193 videris,

145 2202 210 2276 Qui
225 2202 363 2263 Gabbam
378 2199 492 2261 salibus
508 2201 569 2260 tuis
584 2206 618 2260 et
631 2202 731 2280 ipsum

148 2286 262 2346 Posses
276 2286 402 2344 vincere
417 2285 557 2344 Tettium
572 2283 741 2345 caballum.

147 2370 216 2431 Non
234 2371 405 2447 cuicunque
420 2367 523 2428 datum
538 2369 717 2430 esthabere
731 2385 852 2428 nasum:

146 2453 242 2514 Ludit
255 2455 307 2532 qui
322 2452 435 2514 stolida
449 2454 655 2532 procacitate,

104 2538 214 2601 20Ncn
230 2545 278 2598 est
292 2538 417 2598 Tettius
430 2535 505 2615 ille,
526 2536 583 2597 sed
598 2534 744 2597 caballus.

542 2685 634 2746 XLll.

148 2802 296 2879 Coniugis
312 2799 450 2860 audisset
462 2799 560 2858 fatum
575 2817 644 2857 cum
657 2797 769 2856 Porcia
781 2797 870 2856 Bruti

188 2886 231 2945 ut
246 2885 402 2945 subtracta
417 2884 476 2943 sibi
492 2888 661 2962 quaereret
678 2901 761 2940 arma
776 2878 881 2958 dolor,

147 2968 313 3050 ,‚Nondum
327 2968 436 3029 scitis“
450 2968 493 3033 ait
506 2973 660 3046 „mortem
676 2984 738 3025 non
752 2983 844 3045 posse
858 2963 990 3044 negarit

190 3052 408 3130 Credideram,
427 3052 500 3112 fatis
513 3053 574 3112 boc
589 3050 732 3111 docuisse
746 3049 899 3130 patrem.“

127 3139 235 3200 bllixit
249 3142 283 3197 et
297 3135 444 3197 ardentes
459 3135 547 3196 avido
562 3136 643 3196 bibit
657 3152 712 3194 cre
726 3130 865 3194 favillas:

189 3223 297 3282 {nunc
313 3225 346 3280 et
359 3220 494 3297 ferrum,
516 3221 607 3278 turba
626 3215 773 3295 molesta,
793 3235 879 3296 nega.

535 3353 589 3414 XL
634 3401 639 3413 .

147 3467 200 3526 Bis
214 3467 272 3526 tibi
286 3466 400 3525 triceni
413 3465 543 3544 fuimus,
565 3353 728 3544 Mancine,
748 3466 851 3524 vocati
867 3466 871 3478 ’

189 3551 378 3631 Etpastum
393 3556 442 3610 est
456 3552 545 3611 nobis
560 3548 606 3610 nil
620 3550 697 3610 bere
711 3554 839 3631 praeter
852 3567 976 3630 aprum,
