2442 4209
151 299 214 365 184
475 300 520 364 bt.
536 298 630 365 VAL.
646 298 873 361 maurinus

605 503 743 566 XXXVI.

234 616 332 694 Regia
345 616 553 698 pyramidum,
576 617 707 694 (laesas,
728 615 876 677 miracula
890 615 975 677 ride:

275 700 338 759 Iam
351 706 438 761 tacet
449 701 548 762 Eoum
565 702 698 762 barbara
711 701 868 780 Memphis
887 720 973 781 opus.

233 784 310 843 Pars
326 790 419 863 quota
432 784 616 845 Parrhasiae
631 784 719 845 labor
733 791 782 845 est
795 785 987 845 Mareoticus
1003 783 1101 845 aulaei

276 865 399 929 Clarius
413 870 446 929 in
461 874 528 929 toto
541 867 587 929 nil
600 868 686 930 videt
700 871 777 930 orbe
792 867 869 928 dies.

212 951 392 1032 bsepteuos
405 955 526 1033 pariter
540 953 651 1014 credas
667 972 830 1033 assurgere
845 959 982 1031 montes,

275 1035 490 1098 Thessalicum
507 1040 633 1099 brevior
648 1037 758 1099 Pelion
774 1038 851 1098 Ossa
863 1036 946 1100 tulit.

233 1121 373 1181 Aethera
387 1124 432 1182 sic
446 1123 560 1199 intrat,
581 1121 690 1184 nitidis
704 1130 739 1182 ut
754 1121 897 1182 conditus
911 1122 1003 1181 astris

276 1204 432 1266 luieriore
446 1213 536 1267 tonet
551 1208 634 1267 nube
653 1225 782 1267 serenus
798 1224 876 1285 apex

232 1290 275 1349 Et
288 1292 380 1369 prius¹
390 1311 501 1351 arcano
516 1292 647 1351 satietur
663 1292 788 1351 numine
804 1291 941 1368 Phoebi,

191 1382 227 1436 10
274 1373 437 1435 Nascentis
453 1376 545 1436 Circe
564 1395 653 1454 quam
668 1375 754 1435 ridet
772 1394 827 1436 ora
838 1375 947 1454 patris.

233 1458 337 1537 Haec,
360 1459 515 1537 Auguste,
536 1466 659 1538 tamen,
682 1478 761 1539 quae
776 1459 896 1519 uertice
909 1453 1129 1536 siderapuisst,

275 1542 335 1602 Par
351 1541 458 1604 domus
474 1549 523 1604 est
539 1542 644 1622 caelo,
666 1543 723 1604 sed
736 1544 837 1603 minor
851 1551 902 1601 est
916 1542 1046 1602 domino.

594 1679 746 1741 XXXVII.

233 1787 323 1866 Quod
339 1790 487 1852 Caietano
502 1790 626 1868 reddis,
646 1788 867 1870 Polycharme,
889 1765 1035 1861 tabellas,

275 1872 364 1935 Milia
377 1883 411 1936 te
426 1882 548 1936 centum
565 1894 638 1935 num
654 1876 801 1935 tribuisse
817 1874 930 1956 putasl

233 1958 371 2036 „Debuit
389 1960 488 2020 haec“
505 1961 619 2039 inquis.
648 1959 721 2019 Tibi
732 1960 823 2038 babe,
834 1958 1045 2038 Polycharmo,
1058 1949 1165 2015 tabellas
1183 1975 1184 2010 ι

275 2043 317 2103 Et
332 2043 480 2105 Caietano
494 2043 579 2105 milia
592 2043 687 2104 crede
703 2043 773 2108 duo.
1183 2051 1185 2058 “

590 2179 755 2241 XXXVlll.

233 2291 294 2367 Qui
307 2297 445 2372 praestat
458 2292 576 2372 pietate
590 2292 744 2371 pertinaci

232 2375 369 2435 Sensuro
388 2377 468 2436 bona
481 2374 697 2453 liberalitatis,

233 2460 346 2540 Captet
359 2460 490 2521 iorsitan
506 2466 558 2520 sut
573 2462 670 2521 vicem
684 2465 838 2539 reposcat.
948 2470 951 2481 '

234 2544 276 2603 At
292 2545 403 2624 siquis
420 2543 495 2605 dare
511 2546 630 2604 nomini
643 2543 757 2604 relicto

211 2629 308 2692 5Post
321 2647 427 2691 manes
441 2627 655 2710 tumulumque
667 2636 861 2712 perseverat,

233 2713 363 2792 Quaerit
378 2713 468 2794 quid,
488 2715 550 2774 nisi
563 2716 687 2795 parcius
703 2712 837 2773 dolere?

230 2797 348 2859 Refert·
357 2800 399 2859 sis
414 2800 530 2875 bonus,
550 2819 589 2858 an
602 2797 681 2859 velis
696 2796 807 2857 videri.

230 2882 377 2943 Praestas
391 2884 468 2961 hoc,
490 2882 624 2962 Melior,
646 2885 766 2943 sciente
780 2883 876 2962 iama,

231 2966 294 3043 Qui
305 2965 508 3028 sollemnibus
523 2970 629 3029 auxius
644 2965 760 3048 sepulti

190 3051 350 3115 10Nomen
362 3072 424 3112 non
438 3054 513 3113 sinis
530 3054 663 3114 interire
677 3051 797 3131 Blaesi,

231 3136 274 3196 llt
289 3134 329 3196 de
343 3137 487 3223 munifica
500 3139 647 3217 profusus
661 3157 732 3197 arca
801 3210 805 3216 ὑ

231 3218 282 3280 Ad
296 3221 471 3283 natalicium
485 3221 567 3284 diem
584 3221 749 3284 colendum
921 3286 927 3297 ,

233 3304 410 3366 Scribarum
424 3310 554 3369 memori
569 3309 702 3388 piaeque
717 3308 828 3365 turbae

232 3388 324 3466 Quod
339 3389 450 3470 donas,
469 3393 546 3454 facis
562 3394 630 3473 ipsc
644 3390 848 3451 Blaesianum.

190 3475 298 3536 15Hoc
312 3473 438 3555 longum
454 3478 528 3554 tibi,
549 3480 612 3537 vit'a
626 3476 698 3537 dum
713 3477 865 3554 manebit,

231 3559 300 3619 Hoc
315 3566 349 3620 et
361 3568 434 3639 post
448 3563 570 3621 cineres
586 3562 647 3622 erit
655 3563 821 3621 tributum
