2442 4209
261 380 601 443 nruuuaoouonon
615 354 691 446 um.
706 383 774 445 vr·
970 382 1031 447 roo

131 538 189 597 llos
201 534 324 595 Hilarus
339 530 436 594 colles
451 538 485 593 et
498 533 570 613 iuga
584 532 668 594 laeta
682 541 780 596 tenet.

83 622 211 701 odspice,
232 638 320 697 quam
334 625 421 679 certo
436 613 543 677 videar
556 636 618 679 non
631 616 754 697 ligneus
768 636 823 679 ore

129 705 186 765 Nec
200 702 308 763 devoto
322 702 400 762 iocis
415 701 549 779 inguinis
565 721 649 761 arma
662 720 783 781 gerum,

99 788 150 849 Sed
162 788 230 847 milri
244 793 395 867 perpetua
408 804 561 863 nunquam
576 786 727 847 moritura
740 803 888 866 cupresso

129 870 265 932 Phidiaca
278 871 379 949 rigeat
392 866 529 928 mentula
544 867 637 948 digna
650 887 751 932 manu.

99 956 200 1032 Vicini,
218 973 346 1033 moneo,
366 958 504 1013 sanctum
520 950 681 1013 celebrate
694 954 840 1034 Priapum

71 1050 96 1100 lo
128 1039 164 1100 iit
175 1039 219 1100 bis
235 1038 372 1123 septenis
386 1037 506 1117 percite
520 1038 688 1117 iugeribus.

447 1168 583 1235 LXXIV.

102 1270 189 1331 Medio
206 1271 358 1331 recumbit
374 1271 452 1330 imus
467 1268 523 1330 ille
539 1271 591 1349 qui
605 1266 709 1347 lecto,

103 1353 206 1414 calvam
216 1352 343 1414 trifilem
358 1354 536 1413 semitectus
551 1350 728 1432 unguento,

101 1436 232 1517 Foditque
245 1438 344 1498 tonsis
361 1457 416 1497 ora
428 1437 495 1498 laxa
507 1435 668 1516 lentiscis,

102 1520 247 1600 Mentitur,
269 1519 461 1581 Aesculaner
483 1540 546 1580 non
562 1520 659 1581 habet
671 1519 792 1582 dentes.

455 1654 578 1717 LXXV.

27 1772 29 1785 ¹
102 1754 161 1815 Cum
174 1758 266 1818 mittis
280 1756 443 1817 turdumve
457 1757 533 1816 milri
548 1755 734 1835 quadramve
750 1751 930 1834 placentae,

132 1839 193 1900 Sive
205 1843 305 1902 femur
319 1841 455 1922 leporis,
474 1841 539 1900 sive
552 1838 628 1918 quid
641 1840 691 1899 his
705 1835 807 1898 simile
820 1847 883 1915 est,

28 1934 29 1957 i
101 1920 238 1985 Buccellas
251 1927 372 1987 misisse
386 1930 518 2000 tuaste,
541 1924 669 2001 Pontia,
690 1922 779 1985 dicis.

29 2072 30 2079 χ
132 2007 186 2067 llas
199 2027 254 2088 ego
270 2029 332 2069 non
346 2009 481 2086 mittam,
501 2007 630 2085 Pontio,
651 2006 783 2068 seduco
797 2002 895 2067 edam.

446 2140 582 2204 LXXVI.

100 2234 144 2297 ilie
156 2242 228 2300 sacri
241 2213 659 2319 leteris'custodMartisqne
675 2240 788 2319 togati,

133 2322 248 2395 credits
263 2326 313 2385 cui
328 2326 436 2385 summi
452 2331 552 2385 castra
566 2325 657 2384 fuere
674 2323 777 2399 ducis,

99 2402 147 2463 ilic
159 2408 229 2468 situs
243 2415 292 2468 est
304 2408 431 2469 Fuscus.
462 2408 552 2469 Licet
567 2408 644 2487 hoc,
662 2408 818 2484 Fortuna,
838 2408 950 2487 fateri,

132 2487 191 2550 Non
207 2493 295 2553 timet
309 2491 441 2553 hostiles
455 2494 514 2551 iam
528 2491 607 2572 lapis
622 2494 683 2552 iste
697 2493 803 2552 minos.

85 2570 210 2634 idronde
222 2578 324 2655 iugum
341 2574 455 2636 domita
469 2576 569 2635 Dacus
584 2578 706 2637 cervice
721 2576 843 2655 recepit

37 2683 43 2697 ·
132 2656 168 2716 lli
179 2658 320 2720 famulum
335 2662 447 2720 victrix
460 2658 602 2739 possidet
616 2662 725 2720 umbra
740 2678 860 2720 nemos.

439 2772 587 2834 LXXVII.

37 2863 39 2945 i
102 2863 165 2925 Cum
178 2870 216 2929 sis
230 2876 291 2930 tam
304 2890 438 2952 pauper,
461 2892 549 2951 quam
565 2891 624 2932 neo
639 2869 825 2932 miserabilis
839 2871 922 2949 lros,

37 2950 39 3013 l
134 2948 202 3011 'lam
214 2954 348 3034 iuvenis,
370 2976 459 3035 quam
472 2976 531 3016 nec
545 2957 799 3035 Parthenopaeus
814 2961 897 3029 erst3

102 3029 164 3091 Tam
176 3035 278 3115 iortis,
301 3058 390 3117 quum
406 3059 478 3117 nec,
493 3060 561 3100 cum
573 3040 732 3117 vinceret,
753 3039 985 3122 Artemidorus,

39 3117 40 3195 i
134 3117 205 3191 Quid
218 3128 250 3181 te
266 3121 480 3202 Cappadocum
497 3142 550 3183 scr
566 3143 643 3183 onus
658 3141 728 3183 esse
741 3123 847 3183 iuncti

39 3224 45 3326 ἱ
88 3195 207 3263 illidaris
221 3204 379 3285 multoque
393 3209 488 3286 magis
503 3206 692 3285 traduceris,
711 3207 806 3285 Afer,

41 3337 45 3365 Γ
133 3285 218 3361 Quam
230 3288 330 3350 nudus
345 3290 446 3351 medio
462 3293 487 3351 si
506 3292 641 3370 spatiere
656 3292 735 3352 foro.

41 3368 45 3401 o
102 3364 154 3427 Non
167 3370 254 3433 sliter
268 3382 457 3435 monstratur
471 3374 558 3435 Atlas
573 3395 642 3434 cum
656 3376 894 3455 compareginno

133 3452 269 3536 Quaeque
281 3458 369 3518 vehit
382 3457 513 3519 similem
527 3457 618 3519 belua
630 3459 719 3536 nigro
733 3457 845 3539 Libyn.

102 3530 231 3600 invidiosa
244 3542 302 3601 tibi
318 3544 463 3620 quamsit
477 3540 607 3619 lectica,
629 3539 787 3621 requiris?

78 3616 189 3756 ltMNon
203 3623 298 3686 debes
313 3625 392 3686 ferri
408 3633 545 3687 mortuus
560 3625 748 3707 hexaphoro.
791 3707 831 3769 10

128 3721 188 3765 sor.
584 3738 593 3751 ·
