2442 4209
306 869 351 942 Μ.
374 866 478 947 VAL.
501 866 760 944 MARTIALIS

220 1038 849 1136 dalduahhaaod

453 1237 617 1302 olona

520 1443 540 1505 1.

98 1531 237 1624 Barbara
253 1557 445 1642 pyramidum
460 1557 551 1620 sileat
567 1557 716 1619 miracula
728 1560 902 1642 Memphis,

140 1647 285 1726 Assyrius
299 1647 395 1705 iactet
410 1662 468 1704 neo
483 1640 641 1724 Babylona
653 1641 760 1719 lahor;

97 1733 161 1793 Nec
177 1732 303 1791 'l'riuiae
319 1727 435 1809 templo
451 1725 564 1789 molles
578 1727 746 1789 laudentur
760 1729 866 1808 lones,

139 1813 318 1876 Dissimulet
333 1813 435 1874 Delon
451 1813 596 1873 cornibus
612 1833 664 1872 ara
677 1813 843 1892 frequena;

71 1902 178 1962 §Aere
193 1918 252 1959 nec
267 1918 361 1959 vacuo
376 1895 546 1980 pendentia
557 1896 718 1959 Mausolea

138 1984 295 2046 Laudibus
307 1982 478 2044 immodicis
494 1981 591 2042 Cares
605 1983 639 2043 in
652 1987 735 2042 astra
748 1981 860 2045 ferant.

98 2070 204 2130 Omnis
217 2070 370 2130 Caesareo
385 2065 468 2128 cedit
481 2064 571 2126 labor
585 2067 839 2148 Amphitheatro,

136 2154 240 2214 Unum
252 2172 310 2233 pro
326 2153 444 2214 cunctis
456 2151 536 2211 fama
548 2149 696 2232 loquetur
710 2171 795 2232 opua.

515 2287 549 2347 11.

95 2408 157 2466 Hic
170 2407 223 2466 ulai
239 2405 381 2466 sidereus
393 2407 521 2486 propius
536 2403 621 2465 ridet
636 2411 717 2464 astra
733 2401 869 2465 colossus

135 2491 179 2552 Et
193 2496 338 2550 creseunt
349 2489 449 2550 media
463 2495 605 2571 pegmata
618 2487 700 2549 eelsa
712 2489 776 2566 ria,

17 2583 19 2616 r
94 2574 249 2635 inuidiosa
259 2575 321 2634 feri
335 2573 496 2634 radiabant
512 2575 588 2633 atria
606 2574 691 2652 regis

135 2659 268 2738 Unaque
282 2660 343 2718 iam
357 2665 421 2719 tota
434 2658 535 2718 stabat
550 2659 581 2716 in
596 2658 674 2718 urhe
690 2657 806 2720 domus.

65 2755 79 2804 5
93 2745 134 2802 Hi
139 2765 156 2802 c
172 2744 223 2803 ubi
238 2744 396 2824 conspicui
410 2739 599 2803 venerabilis
613 2742 843 2823 Amphitheatri

136 2828 279 2905 Erigitur
292 2825 405 2904 moles,
428 2832 534 2904 stagna
546 2826 679 2887 Neronis
695 2834 793 2890 erant.

92 2912 155 2970 Hic
172 2913 223 2971 ubi
238 2912 383 2971 miramur
395 2908 512 2971 velocia
528 2929 656 2972 munera
670 2912 823 2990 thermas,

120 2995 319 3056 ‘Abstulerat
334 2996 455 3056 miseris
468 3001 553 3054 tecta
566 2996 716 3076 superbus
728 3015 810 3076 ager.

93 3079 225 3140 Claudia
239 3079 366 3140 diffusas
379 3080 431 3139 ubi
444 3081 582 3160 porticus
597 3077 732 3160 explicat
744 3071 882 3160 umbras}

54 3173 82 3224 10
133 3161 252 3224 Ultima
268 3183 340 3244 pars
353 3162 438 3224 aulae
452 3163 626 3225 deficientia
641 3171 717 3229 erat.

89 3247 229 3308 Reddita
242 3249 339 3309 Roma
352 3249 412 3308 sibi
425 3254 473 3308 est
488 3254 520 3308 et
532 3255 603 3308 sunt
616 3255 648 3309 te
661 3247 822 3329 praeside,
845 3249 976 3330 caesar,

21 3401 22 3422 ἶ
135 3330 278 3392 Deliciae
290 3330 415 3414 populi,
434 3351 510 3411 quae
522 3332 647 3393 fuerant
663 3331 787 3398 domini.

21 3423 23 3525 i
506 3468 553 3530 111.

88 3584 180 3660 Quae
194 3593 258 3644 tam
271 3585 408 3664 seposita
423 3592 486 3663 est,
510 3603 587 3664 quae
598 3603 674 3664 gens
686 3594 746 3647 tam
758 3587 903 3666 barbara,
926 3588 1050 3667 Caesar,

51 3669 184 3812 Mfflh'x
197 3687 256 3748 qua
272 3676 429 3749 spectator
439 3688 501 3730 non
514 3671 554 3729 sit
567 3671 597 3728 in
610 3671 688 3730 urhe
700 3670 775 3730 tua?
827 3754 841 3814 l
