2442 4209
469 357 513 419 Μ.
528 357 622 419 VAL.
639 356 865 417 maurinus

199 508 411 590 5Depreudat
425 528 518 568 vacua
532 515 661 569 venatur
674 509 707 568 in
722 510 793 569 aare
808 507 970 588 praedam,

274 595 306 653 Si
325 599 450 674 captare
464 592 548 653 feras
564 594 690 673 aucupia
704 599 771 653 arte
784 592 896 673 placet.

537 758 538 761 ,
631 710 695 772 xil.

230 812 316 872 Inter
332 812 504 871 Caesareae
520 808 699 870 discrimina
713 827 803 868 saeva
816 808 931 868 Dianae

271 897 406 956 Fixisset
421 892 574 973 gravidam
587 913 655 953 cum
668 890 748 953 levis
762 893 849 952 hasta
863 913 965 973 suem,

229 979 347 1042 Exiluit
360 985 466 1059 partus
481 979 613 1038 miserae
628 975 668 1036 dc
682 975 812 1037 vulnere
826 980 940 1039 matris.

273 1063 299 1124 0
314 1063 431 1123 Lucina
445 1063 551 1140 ferox,
568 1061 628 1121 hoc
643 1062 804 1141 peperisse
815 1061 897 1121 funt

206 1147 377 1210 5Pluribus
393 1145 449 1207 illa
462 1147 540 1206 mori
555 1143 704 1206 voluisset
718 1147 819 1206 saucia
832 1144 923 1225 telis,

272 1232 421 1294 Omnibus
435 1237 470 1291 ut
483 1231 565 1290 uatis
580 1231 671 1290 triste
688 1236 813 1310 pateret
826 1231 897 1291 iter,

230 1317 305 1394 Quis
320 1321 414 1394 negat
428 1333 498 1375 aare
513 1320 611 1375 satum
625 1322 765 1375 materno
779 1315 892 1376 funere
910 1317 1086 1378 Baschum‘i

272 1401 324 1462 Sic
340 1399 476 1479 genitum
491 1416 603 1459 numen
620 1398 757 1458 credite:
779 1405 850 1459 nata
865 1401 934 1461 iera
949 1408 1006 1462 eat.

621 1519 699 1581 xltl.

228 1619 292 1679 icta
306 1619 391 1697 gravi
406 1617 470 1678 telo
489 1619 693 1698 confessaque
707 1616 836 1678 vulnere
851 1624 949 1677 mater

273 1703 332 1763 Sus
347 1703 469 1783 pariter
480 1703 571 1762 uitam
586 1701 727 1782 perdidit
740 1709 833 1782 atque
848 1700 944 1763 dedit.

228 1787 254 1848 0
272 1806 360 1866 quam
377 1793 462 1847 certa
477 1786 538 1846 fuit
550 1785 665 1847 librato
682 1786 809 1848 dextera
825 1786 927 1846 ferro!

270 1872 360 1932 Hanc
375 1889 433 1950 ego
448 1871 583 1930 Lucinae
600 1870 695 1932 credo
709 1871 806 1933 fuisse
820 1889 950 1930 manum.

204 1956 365 2035 tErperta
385 1961 434 2014 est
446 1973 560 2014 uumeu
575 1957 712 2015 moriens
725 1955 885 2033 utriusque
900 1952 1031 2031 Dianae,

270 2040 398 2117 Quaque
415 2035 516 2098 solnta
528 2058 642 2119 pareus
658 2058 778 2118 quaque
792 2045 954 2120 perempta
968 2039 1035 2098 iera
1050 2046 1110 2100 est.

620 2156 700 2218 XIV.

228 2255 286 2315 Sua
301 2255 370 2315 iera
383 2256 443 2315 iam
459 2255 582 2334 gravior
597 2257 709 2316 maturi
724 2257 855 2336 pignore
870 2257 989 2317 ventris

268 2339 380 2400 Emisit
394 2339 510 2417 fetum,
532 2338 659 2400 vulnere
674 2340 754 2401 iacta
768 2359 899 2421 pareus;

224 2423 290 2483 Nec
303 2424 398 2484 iacuit
411 2431 534 2504 partus,
556 2423 612 2485 sed
625 2430 724 2484 matre
739 2423 870 2485 cadente
884 2426 1031 2486 cucurrit.

269 2508 296 2566 0
312 2514 458 2587 quantum
474 2513 522 2568 est
536 2509 646 2569 subitis
662 2509 781 2569 casibus
795 2511 967 2589 ingenium!

628 2628 695 2690 XV.

227 2725 349 2786 Summa
363 2733 453 2804 tuae,
475 2724 655 2805 Meleagrc‚
677 2726 737 2786 fait
753 2746 830 2805 quac
845 2726 942 2805 gloria
958 2727 1073 2806 famae,

270 2811 422 2885 Quantum
439 2811 503 2870 est!
531 2811 727 2890 Carpophori
740 2811 843 2890 portio
857 2810 1044 2891 fususaper.

226 2891 284 2953 Ille
301 2900 334 2954 et
346 2894 511 2975 praecipiti
527 2893 674 2955 venabula
692 2893 831 2955 condidit
845 2914 934 2972 urao3

190 3019 194 3029 ι
268 2978 390 3038 Primus
403 2979 436 3038 in
452 2979 559 3038 Arctoi
577 2981 628 3058 qui
643 2979 703 3039 fuit
717 2997 788 3038 arce
802 2977 868 3061 poli
876 3022 885 3056 ‚

203 3062 342 3128 5Stravit
356 3069 389 3122 et
402 3065 507 3142 ignota
523 3061 723 3144 spectandum
738 3061 820 3124 mole
836 3063 976 3141 bouem,

268 3147 440 3208 Herculeas
453 3149 556 3228 putuit
570 3149 622 3227 qui
638 3146 779 3209 decuisse
795 3168 917 3225 manus,

222 3231 265 3293 Et
276 3230 433 3293 volucrem
447 3229 540 3312 longo
556 3232 697 3313 porrexit
709 3230 838 3293 uoluere
852 3231 991 3313 pardum.

267 3317 410 3376 Praemia
427 3337 495 3377 cum
511 3315 635 3378 tandem
650 3316 768 3395 ferret,
787 3317 887 3377 adhuc
900 3321 1034 3398 poterat.

626 3437 706 3500 xvi.

227 3532 344 3614 Raptus
359 3533 422 3595 abit
437 3533 538 3597 media
553 3536 636 3616 quud
650 3536 689 3596 ad
703 3539 831 3599 aethera
846 3545 950 3598 taurus
964 3538 1102 3617 harena,

265 3619 335 3677 Nun
349 3618 409 3679 fuit
423 3620 482 3680 hoc
499 3621 590 3698 artis,
613 3621 669 3681 sed
683 3623 809 3701 pietatis
824 3642 909 3703 opus.
