2442 4209
267 338 607 401 EPIGRAMMATON
619 338 694 401 LIB.
709 338 761 400 IX.
977 338 1040 402 203

479 540 558 601 XXI.

99 656 299 717 Artemidorus
313 657 408 716 habet
421 676 567 736 puerum,
589 657 646 717 sed
661 656 801 718 vendidlt
815 674 936 735 agrum:

23 752 24 757 ’
132 742 240 819 Agrum
255 760 313 821 pro
326 758 425 820 puero
440 740 637 802 Calliodorus
649 743 751 802 habet.

98 826 159 901 nic,
179 832 248 884 utar
267 843 306 884 cx
318 826 386 884 iatis
400 823 510 885 melius
522 845 589 886 rem
603 827 752 903 gesserit,
772 824 894 884 ductet

133 902 343 968 Artemidorus
357 915 454 987 amnt,
477 906 673 969 Calliodorus
688 915 762 968 arat.
790 936 796 943 ·

473 1042 565 1103 XXII.

23 1156 24 1173 ¹
99 1154 197 1215 Credis
212 1157 251 1215 ob
265 1156 344 1214 hacc
360 1172 424 1229 me,
445 1154 574 1230 Pastor,
596 1172 673 1233 opes
687 1154 821 1215 fortasse
835 1172 963 1233 rogare,
1037 1171 1043 1178 ·

131 1239 261 1319 Propter
277 1256 354 1315 qnae
368 1236 476 1315 vulgus
489 1255 653 1317 crassaque
668 1238 758 1297 turba
773 1243 877 1315 rogat,

97 1322 133 1382 Ut
144 1322 246 1382 Setius
260 1340 346 1382 meos
361 1327 519 1380 consumat
530 1320 621 1399 gleba
633 1320 757 1400 ligones

132 1407 169 1467 lit
182 1412 272 1467 sonet
284 1408 446 1465 innumera
460 1404 611 1484 compede
626 1404 746 1465 Tuscus
764 1422 854 1483 ager3

81 1490 133 1551 5Ut
143 1491 242 1550 Mauri
257 1490 382 1569 Libycis
396 1492 519 1548 centum
534 1494 619 1548 stent
635 1487 779 1549 dentibus
793 1490 885 1547 orbes

130 1576 168 1633 Et
182 1579 290 1654 crepet
301 1573 335 1632 iu
347 1573 463 1632 nostris
479 1591 571 1633 aurea
584 1571 685 1632 lamna
699 1572 793 1649 toris,

97 1657 151 1717 Nec
163 1657 257 1718 labris
274 1658 336 1716 nisi
349 1650 456 1735 magna
470 1658 546 1716 maia
562 1655 709 1735 crystalla
722 1662 863 1715 terantur

131 1742 169 1803 lit
181 1742 295 1803 faciant
309 1742 412 1819 nigras
426 1750 532 1800 nostra
547 1740 682 1801 Falerna
694 1740 798 1812 nives3

26 1860 27 1871 κ
100 1824 135 1884 Ut
147 1827 339 1885 canusinatus
354 1830 461 1883 nostro
477 1824 572 1903 Syrus
588 1842 693 1884 assere
707 1821 800 1883 sudet

71 1916 93 1968 to
132 1910 170 1968 Et
185 1927 251 1968 mea
265 1909 307 1967 ait
322 1905 404 1967 culto
419 1906 497 1967 sella
511 1906 626 1968 cliente
639 1908 807 1986 frequens;

26 2028 27 2065 3
99 1994 217 2053 Aestuet
231 1998 266 2052 ut
279 1998 387 2051 nostro
402 1990 542 2051 madidus
557 1993 681 2052 conviva
695 1991 853 2065 ministro,

26 2076 27 2117 ἓ
131 2078 224 2153 Quem
239 2080 446 2155 permutatum
460 2094 519 2135 nec
534 2074 714 2154 Ganymede
728 2072 823 2148 aclis3

97 2159 133 2221 Ut
143 2160 293 2221 lutulenta
306 2158 383 2218 linat
397 2158 508 2238 Tyrias
523 2160 596 2218 mihi
611 2157 694 2219 mula
707 2158 848 2220 lacernas
895 2156 899 2158 ’

131 2245 171 2304 Et
187 2241 322 2322 Massyla
338 2259 438 2301 meum
454 2244 540 2319 virga
554 2245 708 2321 gubernet
721 2260 841 2321 equum.

70 2327 145 2387 liliat
159 2326 235 2388 nihil
251 2326 386 2386 existis:
408 2344 537 2405 superos
552 2346 587 2385 ac
603 2326 706 2387 sidera
721 2332 829 2385 testor.

84 2488 87 2499 ι
133 2412 211 2491 Ergo
228 2409 325 2489 quid?
354 2410 398 2470 Ut
411 2409 540 2487 donem,
557 2411 685 2488 Pastor,
708 2417 741 2469 et
755 2408 914 2469 aedificem

466 2544 573 2605 XXIII.

101 2658 178 2720 Ocni
190 2663 330 2741 virgineo
347 2662 516 2720 flavescere
531 2660 661 2735 contigit
680 2677 772 2734 auro,

133 2742 184 2805 llic
198 2747 252 2806 ubi
265 2742 435 2805 Palladium
451 2743 492 2801 sit
506 2742 578 2818 tibi,
600 2742 696 2818 Care,
719 2739 838 2800 decus?
865 2765 872 2775 ·

100 2827 228 2907 „Aspicis
244 2848 284 2889 en
302 2828 417 2888 domini
429 2824 586 2904 fulgentes
601 2841 754 2885 marmore
768 2823 893 2883 voltus?

28 2932 29 2935 ’
136 2912 225 2973 Venit
242 2912 281 2971 ad
294 2913 349 2971 has
364 2911 446 2971 ultro
461 2915 567 2969 nostra
582 2928 696 2969 corona
708 2908 843 2968 comas.“

29 3034 30 3047 1
85 2990 226 3055 ailianae
240 2994 341 3055 livere
356 2999 460 3075 potest
474 2994 524 3072 pia
539 3011 672 3072 quercus
687 2989 803 3067 olivae,

28 3100 30 3131 ³
136 3080 272 3140 clnxerit
284 3079 432 3139 invictum
451 3075 533 3156 quod
548 3077 636 3156 prior
650 3074 705 3136 illa
720 3080 820 3154 caput.

469 3210 579 3273 XXIV.

28 3260 32 3327 l
102 3324 164 3401 Quia
177 3325 335 3387 PalatInos
349 3328 485 3387 imilatua
499 3326 632 3404 imagine
647 3322 754 3392 voltus

133 3409 308 3471 Phidiacum
320 3410 409 3471 Latio
425 3406 779 3470 marmoreviciteburl

28 3494 30 3575 t
102 3490 175 3553 Haec
189 3493 296 3555 mundi
310 3494 426 3571 facies,
448 3494 525 3564 Iancc
539 3498 611 3551 sunt
625 3490 704 3551 Iovis
717 3510 773 3550 ora
787 3489 906 3551 serenis

29 3576 33 3669 l
138 3578 184 3637 Sic
197 3584 285 3640 tonat
298 3576 354 3638 ille
370 3577 462 3653 dena,
485 3596 553 3635 cum
568 3576 635 3635 aine
645 3575 732 3634 nube
746 3580 842 3634 tonat.
