2442 4209
160 331 225 402 2³4
484 334 527 396 M.
544 334 635 396 VAL.
651 334 876 397 utun'rthtts

629 486 736 548 XXlX.
840 540 846 549 .

246 585 341 662 Quam
357 585 431 645 mihi
447 585 592 645 mittebas
606 586 732 644 Saturni
746 592 886 665 tempore
900 583 1035 663 lancem,

286 669 402 729 Misisti
419 668 577 745 dominae,
599 669 786 747 Sextiliane,
809 678 896 743 tnae3

244 754 286 813 lit
301 773 390 832 quam
405 752 539 814 donabas
555 752 648 813 dietis
662 774 679 813 a
692 752 799 816 Marte
812 752 976 831 Kalendis,

289 837 334 897 De
351 845 458 897 nostra
471 838 594 916 prasina
609 844 658 898 est
672 838 828 917 synthesis
843 844 947 918 empta
959 845 1034 920 toga.

224 920 308 983 blam
322 928 464 981 constare
481 922 537 982 tibi
551 923 647 999 gratis
663 941 797 1005 coepere
812 921 949 1003 puellae:

287 1004 470 1065 Muneribus
485 1005 596 1083 futuis,
620 1005 806 1085 Sextiliane,
828 1007 912 1073 meis.

637 1140 733 1203 XXX.

247 1237 273 1298 0
290 1243 480 1316 temperatae
496 1235 587 1296 dulce
600 1237 745 1297 Formiae
759 1235 849 1316 litus,

248 1321 327 1396 Vos,
348 1340 415 1379 cum
429 1322 530 1381 severi
548 1320 629 1400 fugit
642 1320 788 1402 oppidum
803 1321 915 1382 Martis

245 1405 287 1466 lit
301 1405 454 1483 inquietas
469 1405 571 1465 lessus
584 1408 668 1474 exuit
682 1421 787 1479 curas,

246 1486 437 1567 Apollinaris
452 1491 592 1548 omnibus
605 1488 682 1549 locis
697 1490 847 1569 praefert.

223 1573 315 1635 5Non
330 1570 386 1631 ille
402 1578 527 1633 sanctae
542 1572 632 1633 dulce
647 1574 747 1636 Tibur
763 1574 881 1652 uxoria,

244 1656 310 1717 Nec
325 1656 515 1716 'l'usculanoa
529 1655 695 1737 Algidosve
710 1676 866 1735 secessus,

246 1741 417 1800 Praeneste
431 1758 490 1799 nec
504 1742 548 1799 sic
564 1742 751 1821 Antiumque
766 1743 903 1802 miratur.

246 1825 313 1884 Non
330 1823 440 1884 blanda
456 1825 549 1883 Circe
563 1824 751 1885 Dardanisve
767 1826 873 1887 Caieta

246 1907 485 1984 Desiderantur,
508 1924 567 1969 nec
581 1908 700 1969 Marica
714 1928 772 1968 nec
788 1908 886 1987 Liris,

209 1992 311 2055 ibNec
326 1993 358 2050 in
372 1992 505 2052 Lucrina
518 1992 583 2052 lota
598 1992 743 2052 Salmacis
757 2012 843 2056 vena.

247 2077 306 2135 llic
323 2095 437 2135 summa
450 2075 515 2136 leni
531 2078 694 2155 stringitur
709 2076 821 2137 Thena
836 2085 946 2152 vento;

248 2159 312 2219 Nec
326 2157 453 2238 languet
468 2179 601 2239 aequor,
620 2162 685 2219 viva
699 2160 756 2220 sed
771 2162 858 2241 quies
876 2161 964 2243 ponti

246 2244 363 2302 Pictam
377 2243 527 2323 phaselon
543 2244 704 2305 adiuvante
719 2244 783 2304 fert
797 2265 887 2323 aura,
977 2314 980 2321 ¹

250 2329 336 2386 Sicut
348 2326 473 2407 puellae
488 2348 549 2388 non
566 2329 694 2389 amantis
708 2335 857 2389 aestatem

208 2421 240 2473 15
248 2411 335 2472 Mota
349 2409 473 2471 salubre
487 2432 624 2492 purpura
638 2414 723 2472 venit
737 2414 845 2491 frigus.

249 2495 314 2555 Nec
330 2502 396 2554 seta
408 2492 501 2575 longo
520 2498 643 2575 quaerit
654 2498 687 2556 in
701 2498 777 2557 mari
791 2496 955 2577 praedam,
970 2544 976 2554 ,

249 2577 312 2639 Sed
327 2598 344 2637 e
359 2578 478 2639 cubicio
494 2579 673 2661 lectuloque
688 2582 829 2641 iactatum

250 2664 413 2744 Spectatus
429 2662 491 2722 alte
504 2661 619 2725 lincam
634 2665 730 2724 trahit
744 2666 847 2745 piscis.

249 2748 282 2807 Si
297 2746 417 2828 quando
432 2746 552 2807 Nereus
565 2750 661 2808 sentit
676 2748 765 2808 Aeoli
780 2768 925 2827 regnum,

208 2831 342 2897 aoltidet
355 2830 511 2911 procellas
526 2840 591 2891 tuta
606 2832 645 2891 de
660 2853 715 2892 suo
730 2851 844 2894 mensa.

249 2916 371 2975 Piscina
385 2916 545 2976 rhombum
560 2918 659 2996 pascit
673 2925 706 2976 et
719 2916 810 2997 lupqs
824 2935 953 2993 vernas,

250 2999 341 3059 Natat
355 2998 394 3059 ad
408 3002 586 3081 magistrum
601 3000 734 3062 delicata
747 3019 910 3070 muraenaz

250 3080 491 3147 Nomenculator
504 3083 649 3163 mugilem
666 3088 742 3145 citat
759 3092 864 3148 notum

249 3169 291 3229 ut
306 3166 414 3229 adesse
432 3170 507 3229 iussi
521 3168 677 3248 prodeunt
690 3188 782 3229 senes
796 3169 893 3233 mulli.

207 3263 243 3317 25
250 3252 326 3314 Frui
341 3252 479 3313 sedistis
494 3252 634 3332 quando,
656 3252 770 3332 Roma,
789 3254 970 3333 permittis?

251 3337 333 3413 Quot
346 3337 526 3399 Formianos
541 3338 673 3416 imputat
684 3336 752 3397 dies
767 3356 864 3397 annus

250 3420 425 3500 Negotiosis
440 3424 532 3484 rebus
547 3423 633 3481 urbis
648 3422 812 3481 haerenti?

252 3505 278 3566 0
292 3506 441 3565 ianitores
454 3505 600 3585 vilicique
615 3505 744 3568 ieliccsi

251 3590 388 3649 Dominis
401 3597 549 3669 parantur
563 3591 638 3668 ists,
660 3592 800 3652 serviunt
812 3591 909 3651 vobis.
