2442 4209
162 351 206 416 84
486 350 531 411 Μ.
546 349 638 413 vat.
652 348 880 411 MARTIALIS

248 503 324 580 Quis
340 502 431 563 siccis
443 500 567 563 lascivit
580 503 668 580 aquia
682 508 716 562 et
727 503 766 562 ab
781 503 911 564 aethere
924 501 1026 564 ludit‘l

289 586 437 667 Suspicor
450 586 506 645 has
519 587 610 666 pueri
624 586 768 646 (laesuris
781 605 850 647 esse
864 588 960 650 nives.

248 815 337 896 Quod
352 819 453 879 siccae
467 814 593 878 redolet
605 719 853 896 palhllacunae‚

247 900 420 963 (lrudarum
434 898 569 961 nebulae
585 897 669 979 quod
683 897 880 981 Albularum,

246 987 390 1047 Piscinae
404 992 493 1047 vetus
508 1003 582 1044 aura
597 982 684 1063 quod.
694 985 846 1061 marinae,

249 1068 340 1147 Quod
353 1087 462 1151 pressa
475 1070 566 1150 piger
581 1068 687 1128 hircus
701 1069 733 1128 in
748 1066 885 1148 capella,

228 1154 338 1217 5Lasai
352 1153 512 1214 vardaicus
527 1150 610 1233 quod
625 1153 761 1229 evocati,
840 1181 846 1185 ·

250 1237 341 1315 Quod
354 1239 403 1299 bia
417 1239 535 1298 murice
552 1234 651 1296 vellus
665 1237 874 1316 inquinatum,

250 1321 341 1399 Quod
353 1323 470 1383 ieiunia
483 1321 742 1398 sabbatariarum,

248 1407 440 1468 Maestorum
454 1403 538 1486 quod
552 1401 707 1463 anhelitus
722 1422 863 1481 reorum,

249 1489 339 1566 Quod
352 1508 482 1570 spurcae
497 1490 633 1549 moriens
645 1486 775 1548 lucerna
787 1486 909 1567 Ledae,
969 1519 979 1539 ·

206 1572 336 1652 leuod
350 1578 505 1634 ceromata
517 1573 607 1633 faece
622 1571 663 1632 de
676 1571 806 1649 Sabina,

250 1656 340 1734 Quod
354 1655 455 1737 volpis
469 1658 558 1736 iuga,
577 1658 705 1735 viperae
720 1653 840 1734 cubile,

248 1740 378 1803 Mallem
394 1762 482 1821 quam
500 1739 582 1821 quod
598 1739 666 1801 oles
680 1738 784 1818 olere,
805 1740 908 1800 Bassa.

664 1875 703 1937 V.

250 1974 309 2038 Vir
323 1975 422 2035 bonus
438 1980 471 2034 et
485 1992 603 2054 pauper
617 1972 783 2053 linguaque
797 1980 830 2034 et
843 1978 974 2053 pectore
989 1976 1096 2057 uerus,

293 2056 376 2135 Quid
390 2058 448 2117 tibi
462 2059 526 2137 vis,
548 2059 657 2119 urbem
673 2058 741 2138 qui,
762 2058 915 2135 Fabiam,
936 2060 1044 2138 petistl

248 2140 309 2217 Qui
322 2160 381 2202 nec
399 2138 481 2201 leno.
487 2147 578 2222 potes
590 2143 653 2203 'nec
667 2143 847 2202 comissator
860 2142 988 2224 haberi,

291 2225 357 2286 Nec
370 2224 498 2306 pavidos
513 2227 598 2286 tristi
613 2245 688 2287 voce
702 2227 800 2287 citare
813 2245 904 2302 reos;
959 2222 968 2227 “

227 2309 315 2371 5Nec
328 2316 419 2390 potes
433 2329 560 2370 uxorem
576 2312 640 2371 cari
656 2329 856 2391 corrumpere
870 2310 978 2388 amici,

291 2393 356 2454 Nec
370 2401 461 2475 potes
477 2391 618 2473 algentes
633 2394 772 2473 arrigere
787 2394 826 2455 ad
839 2393 978 2473 vetulas,

249 2476 397 2541 Vendere
411 2497 471 2539 nec
485 2497 577 2538 vanos
596 2479 712 2538 circum
725 2476 976 2557 Palatiolum,

288 2560 445 2623 Plaudere
459 2580 518 2622 neo
534 2561 635 2640 cano,
656 2560 807 2643 plaudere
821 2581 881 2624 nec
895 2559 1068 2645 Glaphyro.

248 2645 339 2708 Unde
353 2648 449 2707 miser
463 2646 570 2705 vives?
599 2646 721 2725 „Homo
737 2654 858 2724 certus,
881 2647 962 2708 fidus
977 2649 1132 2711 amieua-
1204 2649 1206 2712 Ι

207 2741 242 2793 10
289 2732 359 2792 Hoc
372 2728 454 2791 nihil
470 2736 533 2790 est:
554 2749 709 2810 nunquam
727 2733 772 2791 sic
786 2730 980 2793 Philomelus
997 2730 1069 2795 eris.

657 2865 709 2927 Vl.

149 3048 151 3054 ¹
250 2979 346 3041 Credi
361 2980 482 3059 virgine
498 2980 611 3040 castior
625 2979 737 3060 pudica

248 3064 291 3124 Et
306 3064 420 3125 ironiis
435 3070 564 3124 tenerae
579 3065 665 3143 cupis
677 3062 796 3142 videri,

251 3147 329 3208 (lum
343 3150 385 3209 sis
400 3148 587 3230 improbior,
609 3142 793 3225 Malisiane,

118 3272 122 3281 ·
249 3232 346 3309 Quam
362 3234 415 3312 qui
430 3233 617 3314 compositos
630 3237 731 3292 metro
748 3229 870 3292 Tibulli

227 3314 286 3377 tln
298 3312 419 3377 Stellae
435 3318 548 3379 recitat
562 3315 652 3377 domo
666 3313 804 3378 libellos.

648 3430 705 3494 Vll

249 3528 312 3589 Gur
326 3528 405 3589 here
421 3526 504 3606 quod
519 3526 672 3608 dederas,
690 3477 801 3607 hodie,
823 3548 903 3609 puer
914 3525 1028 3609 Hylle,
1050 3517 1206 3612 negasti,

289 3612 391 3673 Durus
406 3619 468 3673 tam
485 3611 605 3692 subito,
629 3615 682 3694 qui
696 3611 787 3674 modo
803 3614 886 3673 mitis
901 3614 993 3674 eras?
