2442 4209
281 327 621 389 EPIGRAMMATON
637 326 711 389 LlB.
730 327 766 388 X.

84 476 201 558 ὁΚύριε
212 498 295 559 μου,
317 476 390 558 μέλι
406 497 487 558 μου,
510 473 599 559 ψυχή
617 498 683 557 μου
699 479 841 557 congeris
856 498 971 558 usque,

132 566 194 626 Pro
209 564 323 645 pudor!
351 561 508 623 Hersiliae
522 564 596 623 civis
613 570 645 624 et
659 564 801 643 Egeriae.

99 648 237 713 Lectulus
252 649 307 708 bas
320 667 428 725 voees,
448 666 507 708 uec
521 645 655 711 lectulus
671 646 774 707 audiat
789 648 905 724 omnis,
941 670 951 683 ·

134 734 196 795 Sed
213 751 303 813 quem
318 730 432 791 lascivo
448 733 554 791 stravit
569 733 665 793 amica
679 732 756 792 viro.

100 820 178 880 Scire
194 817 280 898 cupis
296 832 357 896 quo
371 822 453 876 easta
468 815 558 875 modo
574 823 713 876 matrona
725 812 879 894 loquaris:

69 914 94 965 10
131 900 300 982 Numquid,
322 920 390 960 oum
405 901 532 978 criseas,
554 899 695 961 blandior
712 917 781 959 esse
817 900 906 958 otes'l

100 988 142 1047 'lu
154 985 233 1046 licet
246 984 365 1046 ediscas
381 991 476 1044 totam
490 985 672 1065 referasque
688 920 876 1060 Corintlon,

135 1072 202 1131 Non
220 1078 322 1130 tamen
339 1070 477 1146 omnino,
499 1068 620 1147 Laelia,
641 1068 713 1129 Lais
728 1069 800 1127 eris.
887 1106 905 1133 .

470 1203 577 1264 umx.
661 1276 664 1279 Α

100 1318 244 1381 Custodes
259 1317 328 1397 das,
348 1316 453 1396 Polla,
474 1319 557 1396 viro,
580 1337 642 1377 nou
657 1318 770 1397 accipis
784 1317 858 1397 ipsa.

133 1404 198 1464 Hoc
213 1410 263 1465 est
276 1420 402 1464 uxorem
417 1402 548 1480 ducere,
570 1400 678 1476 Polla,
698 1403 803 1461 virum.

482 1536 574 1597 Lxx.
602 1526 604 1530 ’

100 1648 182 1725 Quod
196 1650 273 1709 milri
287 1650 336 1707 vix
350 1667 428 1707 unus
443 1654 509 1709 toto
522 1648 604 1709 liber
620 1656 710 1709 exeat
723 1668 819 1727 anuo,

134 1732 276 1794 Desidiae
292 1733 349 1793 tibi
364 1752 447 1809 sum,
470 1732 561 1793 docte
575 1734 698 1811 Potite,
721 1751 803 1795 rcus.

24 1856 25 1861 κ
100 1816 201 1877 iustius
218 1823 377 1897 alquanto
395 1818 526 1893 mirere,
549 1817 632 1897 quod
647 1825 736 1878 exeat
751 1836 844 1894 uuus,

134 1901 287 1962 Labantur
301 1901 361 1960 toti
376 1920 442 1959 cum
459 1902 533 1961 mibi
549 1919 642 1981 saepe
658 1901 733 1962 dies.

24 1978 25 1985 '
82 1984 157 2044 bNon
172 1985 377 2047 resalutantes
392 1984 481 2045 video
496 1992 664 2045 nocturnos
679 1987 807 2061 amicos,
888 2003 890 2006 ·

24 2108 25 2125 ι
135 2067 280 2130 Gratulor
295 2076 328 2149 et
342 2067 464 2144 multis;
484 2089 592 2148 nemo,
615 2070 736 2148 Potite,
759 2069 843 2130 mihi.

100 2152 175 2213 Nunc
189 2150 228 2213 ad
242 2153 402 2215 lucilerum
417 2156 516 2233 signat
529 2172 597 2214 mea
611 2172 729 2231 gemma
744 2154 886 2226 Dianam,

137 2237 220 2297 Nunc
235 2256 284 2297 me
299 2239 398 2316 prima
414 2238 489 2315 sibi,
510 2258 590 2298 nunc
606 2239 665 2298 sibi
680 2238 787 2317 quinta
801 2236 891 2315 rapit.

982 270 1071 387 m.

101 2319 177 2381 Nunc
192 2320 301 2383 consul
315 2327 480 2403 praetorve
495 2330 584 2383 tenet
597 2320 792 2401 reducesque
807 2322 954 2397 choreae,
1031 2395 1043 2407 ἱ

71 2412 95 2463 10
136 2405 264 2466 Auditur
280 2413 346 2467 tota
360 2425 453 2485 saepe
467 2414 560 2486 poeta
573 2406 634 2469 die.

102 2486 154 2548 Sed
166 2508 225 2550 nec
240 2490 394 2551 causidico
407 2492 507 2569 possis
524 2492 649 2570 impune
663 2508 794 2569 negare,

136 2574 196 2634 Neo
211 2576 237 2634 si
251 2582 284 2635 tc
299 2575 409 2638 rhetor
422 2576 672 2652 grammaticusve
688 2580 813 2652 rogent:

101 2655 203 2717 Balnea
219 2666 291 2739 post
305 2658 453 2718 decimam
467 2658 548 2719 lasso
564 2665 748 2735 centumque
766 2663 914 2737 petuntur

139 2740 333 2818 enarrantes.
358 2741 431 2802 met
446 2742 584 2821 quando,
606 2741 726 2819 Potite,
748 2741 852 2802 liber?
929 2758 934 2765 ·

471 2876 576 2937 LXlll.

24 3002 25 3027 ³
103 2986 234 3067 QuisquIs
247 2986 331 3049 laeta
345 2990 406 3049 tuis
423 2996 456 3050 et
470 3008 540 3049 sera
554 2991 735 3070 parentibus
752 2995 839 3069 optas

23 3110 25 3153 5
137 3070 232 3150 latas
242 3074 369 3133 brevem
384 3072 507 3134 titulum
522 3075 683 3135 marmoris
698 3075 788 3134 huius
803 3092 877 3135 ama.

23 3162 24 3223 i
101 3153 235 3217 Condidit
250 3156 309 3217 hae
325 3177 410 3229 caras
425 3157 541 3218 tellure
555 3159 699 3219 Rabirius
712 3159 851 3217 umbras:

23 3264 24 3315 q
138 3237 214 3300 Nulli
230 3248 315 3302 sorte
331 3244 435 3303 iacent
449 3241 629 3302 candidiore
645 3261 747 3306 senes.

22 3330 24 3393 ζ
82 3320 150 3379 bBis
163 3343 211 3385 sex
225 3325 402 3386 lustraturi
418 3345 478 3387 uox
491 3328 575 3387 mitis
591 3334 625 3386 et
637 3325 743 3388 ultima
758 3324 866 3402 clusit,

22 3406 24 3431 ³
142 3407 284 3470 Arserunt
298 3430 359 3470 uuo
374 3411 485 3470 lunera
502 3413 572 3471 bina
587 3429 673 3489 rogo.

100 3486 160 3547 Hos
172 3498 267 3554 tamen
283 3500 318 3553 ut
331 3496 439 3574 primis
453 3501 558 3574 raptos
572 3496 631 3554 sibi
647 3495 769 3574 quaerit
782 3495 813 3553 in
829 3492 923 3553 anuis.

140 3572 300 3655 Inprobius
314 3577 395 3638 nibil
410 3579 458 3638 bis
473 3580 597 3639 fletibus
614 3596 683 3639 csse
696 3583 810 3659 potest.
