2442 4209
254 339 683 404 ononnorornuonoro.
699 343 721 403 1.
970 341 1012 404 so

418 543 554 606 LXXVI.

74 662 93 720 0
108 657 172 716 mihi
187 677 329 719 curarum
343 659 477 738 pretium
492 678 553 718 non
569 658 631 718 vile
646 679 799 738 mearum,

104 739 221 819 Plocce,
240 743 415 802 Antenorei
428 761 499 823 spes
515 749 548 802 et
563 741 686 804 alumne
697 741 791 820 luris,

75 827 174 885 Pierios
189 823 282 888 differ
297 834 404 887 contus
419 827 630 906 citharamque
643 848 803 902 sororum

106 911 160 970 Aes
174 910 258 972 dabit
278 929 316 970 ex
329 912 398 982 istis
413 909 497 970 nullo
510 910 616 991 puello
628 913 695 972 tibi.

59 993 231 1074 equiperis
248 1016 266 1053 a
279 994 430 1055 Phoebo?
445 1015 583 1055 nummos
598 997 693 1056 habet
707 1016 778 1055 uren
793 995 971 1070 Minerrue3

106 1079 180 1138 Haec
195 1081 293 1159 sapit,
314 1080 392 1139 hoec
407 1098 512 1140 omnes
527 1080 652 1140 feneret
670 1100 730 1140 una
745 1078 830 1141 deos.

75 1162 139 1240 Quid
151 1171 280 1243 possunt
295 1163 433 1223 hederae
446 1164 560 1224 Bacchi
577 1165 677 1225 dure?
704 1161 842 1225 Palladis
857 1166 949 1225 arbor
988 1203 994 1214 ·

106 1246 228 1307 Inclinat
241 1249 342 1307 verius
354 1248 495 1328 pondere
510 1250 599 1327 nigre
612 1267 723 1310 comus

72 1331 183 1392 Praeter
198 1351 294 1417 aquus
311 1331 447 1392 Helicon
462 1340 495 1392 et
510 1341 595 1394 serto
610 1332 758 1412 lyrasque
774 1331 900 1393 deorum

47 1413 147 1476 loNil
158 1416 256 1475 habet
273 1421 306 1475 et
320 1435 478 1495 magnum,
501 1416 557 1477 sed
571 1419 721 1496 perinane
736 1418 859 1498 sophos.

47 1426 137 1576 loQuiri
150 1501 206 1560 tibi
224 1519 293 1560 curn
308 1501 444 1560 Cirrha?
465 1501 621 1580 quiricum
636 1501 834 1562 Permesside
849 1502 953 1562 nudo?

102 1585 264 1644 Romunnnr
278 1587 407 1665 propius
424 1584 609 1665 divitiusque
628 1587 730 1646 forum
744 1592 801 1646 est.

72 1665 126 1729 illic
139 1689 210 1729 nero
227 1675 352 1729 sonunt:
374 1675 405 1729 ut
423 1671 539 1729 circum
552 1669 673 1750 pulpito
686 1677 793 1732 nostro

101 1755 137 1814 iit
149 1751 278 1814 steriles
293 1752 456 1814 cathedras
471 1755 555 1814 busin
569 1754 636 1814 sola
650 1758 789 1834 crepunt.

421 1920 569 1982 LXXVII.

70 2033 187 2095 Pulchre
203 2034 291 2094 volet
305 2036 473 2113 Charinus,
495 2042 527 2096 et
542 2043 644 2096 temen
658 2034 766 2116 pollet.

69 2118 150 2180 Parce
166 2121 250 2180 bibit
264 2120 432 2208 Charinus,
456 2126 605 2180 ettamen
619 2118 725 2200 pollet.

19 2203 141 2276 Bene
156 2191 327 2281 concoquit
341 2163 512 2281 Charinus,
535 2211 567 2264 et
582 2210 685 2264 tumen
699 2203 808 2285 pallet.

69 2285 130 2348 Sole
143 2290 244 2350 utitur
259 2286 427 2366 Charinus,
450 2294 598 2348 ettamen
612 2287 717 2368 pollet.

19 2371 185 2460 ti'ingit
180 2379 287 2433 cutem
303 2372 472 2451 Charinus,
494 2379 527 2432 et
540 2381 644 2432 tamen
657 2370 765 2452 pallet.

69 2455 194 2517 Gonnum
211 2457 367 2518 Charinus
380 2454 487 2581 lingit,
509 2463 542 2516 et
529 2457 658 2516 ttimen
671 2455 777 2536 pollet.

182 2697 186 2710 l
418 2623 579 2686 nxxvlo.

19 2751 198 2831 indignes
214 2759 376 2834 premeret
389 2752 488 2832 pestis
504 2771 572 2810 cum
585 2749 691 2810 tabida
705 2750 810 2812 fauces

19 2833 21 2868 ⁸
102 2836 195 2916 inque
213 2856 286 2896 suos
300 2833 400 2895 voltus
416 2842 560 2915 serperet
574 2839 641 2894 utra
654 2833 739 2913 lues,

70 2918 177 2981 Siccis·
166 2939 239 3002 ipse
257 2921 345 2998 genis
356 2919 626 2981 flenteshortotus
644 2919 757 2978 umicos

102 3004 248 3065 Decrevit
264 3005 388 3084 Stygios
402 3003 516 3064 Festus
531 3002 618 3062 edire
632 3001 727 3063 lacus.

56 3087 127 3148 tNec
139 3098 247 3150 tumen
263 3090 393 3149 obscuro
409 3089 461 3167 pio
476 3085 590 3167 polluit
607 3107 662 3146 oro
674 3105 794 3148 veneno

19 3225 21 3230 .
103 3175 164 3232 Aut
174 3175 271 3234 torsit
287 3170 374 3231 lente
388 3173 490 3232 tristia
504 3172 567 3231 futu
580 3172 678 3248 fame,

19 3257 21 3302 ἔ
70 3253 204 3318 Sanctum
218 3258 357 3318 Romanu
369 3256 463 3316 vitem
476 3255 533 3316 secl
546 3261 648 3315 morte
661 3257 786 3334 peregit

19 3369 21 3462 i
69 3338 677 3504 itroire{irretierit
691 3423 818 3483 ouon,

19 3509 21 3530 '
43 3511 65 3562 lo
100 3509 195 3570 Fumo
209 3515 331 3591 potest:
352 3510 443 3568 hnins
458 3509 573 3568 Caesar
588 3509 703 3567 amicus
717 3511 795 3569 erut.
