2442 4209
298 341 638 403 EPIGRAMMATON
650 342 726 406 LIB.
743 343 765 404 I.
1010 340 1054 406 25¹

394 589 398 597 .
482 544 573 607 LVII.

19 717 20 726 ,
102 657 240 738 Qualem,
261 658 392 739 Haece,
412 659 505 721 velim
522 662 646 739 quaeris
660 659 793 720 nolimve
808 657 969 740 puellam?
1017 683 1022 690 ·

135 742 212 804 Nolo
230 745 322 804 nimis
337 744 462 806 facilem
477 743 699 824 difficilemque
715 745 816 806 nimis.

101 826 269 907 illud'quod
281 828 416 889 medinm
430 836 479 889 est
492 835 585 909 atquo
595 831 681 889 inter
691 835 855 906 utrumque
870 830 1049 908 probamur·

135 913 196 972 Neo
209 911 282 972 volo
300 912 382 993 quod
398 915 529 991 cruciat,
551 931 609 974 nee
624 910 694 973 volo
709 911 791 993 quod
805 913 904 974 satiat.

480 1047 583 1108 LVIII.

101 1157 182 1219 MIlia
194 1180 253 1239 pro
268 1179 367 1241 puero
383 1169 506 1222 eentum
521 1181 569 1222 me
585 1180 695 1240 mango
709 1161 867 1240 poposcit:

136 1243 198 1302 Risi
214 1262 290 1323 ego,
314 1243 371 1305 sed
385 1246 530 1306 Phoebus
544 1247 687 1326 protiuus
701 1243 757 1304 Illa
771 1242 867 1304 dedit.
937 1269 939 1274 ·

102 1327 161 1387 Hoc
175 1326 262 1389 dolet
277 1335 310 1389 et
324 1331 466 1408 queritur
481 1329 520 1389 de
535 1348 584 1390 me
600 1348 669 1389 maa
681 1325 820 1388 mentula
833 1347 938 1389 seeum

137 1412 351 1490 Laudaturque
366 1433 464 1474 meam
478 1413 623 1475 Phoebus
637 1410 838 1482 ininvidiam.

84 1495 159 1556 ised
172 1495 383 1558 sestertiolum
399 1492 676 1558 donauit‘mentula
690 1496 818 1556 Phoebo

137 1581 186 1639 Bis
201 1579 343 1641 deoieust
368 1583 427 1642 hoc
442 1580 481 1641 da
494 1588 529 1642 tu
547 1582 641 1659 mihi,
661 1578 762 1661 pluris
778 1597 884 1639 emam.

494 1715 571 1776 LIX.

102 1828 154 1886 Dat
171 1829 283 1889 Baiana
298 1831 376 1890 mihi
390 1829 577 1908 quadrantes
593 1826 735 1908 sportula
750 1834 882 1887 eentum.

138 1913 218 1973 Inter
236 1913 365 1974 delicias
383 1913 457 1991 quid
471 1913 547 1974 iacit
560 1915 621 1973 ista
634 1911 754 1973 famer?

99 1995 201 2058 Redde
217 1997 297 2078 Lupi
311 1999 401 2058 nobis
416 2000 645 2076 tenebrosaque
660 1994 772 2057 balnea
787 1993 904 2074 Grylli:

139 2080 212 2142 Tam
226 2081 308 2143 male
323 2102 391 2142 oum
407 2101 528 2163 cenem,
554 2101 608 2142 our
623 2084 720 2157 bene,
741 2077 869 2157 Flacco,
886 2078 994 2139 lavari

481 2232 558 2294 nx.

99 2343 192 2405 Intres
208 2343 307 2424 ampla
321 2343 398 2405 licet
412 2347 492 2405 torvi
506 2343 597 2425 lepus
614 2365 668 2404 ora
682 2343 802 2423 leonis,
928 2367 933 2376 ·

137 2429 212 2490 Idne
226 2435 331 2488 tamen
344 2448 439 2488 vacuo
455 2448 488 2489 ae
502 2425 555 2489 leo
572 2428 666 2489 dente
680 2434 777 2510 putat.

19 2521 20 2528 ’
100 2511 183 2587 Quod
196 2517 268 2573 ruet
283 2513 316 2572 in
331 2519 452 2592 tergum
467 2512 519 2572 vel
535 2533 611 2590 quos
625 2514 810 2593 procumbet
822 2511 854 2570 iu
872 2531 990 2591 armos,

136 2596 207 2656 Alta
221 2598 421 2657 iuvencorum
436 2596 564 2657 vulnera
578 2598 655 2676 figet
669 2597 746 2657 ubi?

80 2680 176 2756 tQuid
190 2681 308 2740 frustra
321 2699 482 2741 nemorum
497 2681 651 2742 domiuum
665 2699 834 2760 regemque
847 2679 981 2758 iatIgari

136 2765 202 2824 Non
216 2765 277 2825 nisi
293 2764 416 2825 delecta
429 2767 566 2846 pasoitur
581 2765 727 2830 ille-iera.

488 2899 565 2959 LXI.

97 3012 216 3074 Verona
231 3013 317 3074 docti
333 3011 466 3092 syllabas
482 3023 561 3075 amat
574 3016 669 3093 vatia,

134 3098 264 3158 Marone
279 3096 357 3158 felix
371 3098 498 3158 Mantua
514 3105 576 3176 ert,

97 3181 246 3242 Censetur
260 3182 371 3262 Apona
386 3182 472 3242 Livio
487 3202 541 3242 suo
558 3182 652 3244 tellus

135 3265 296 3346 Stellaque
311 3283 370 3325 nec
382 3264 496 3326 Flacco
511 3269 628 3345 minus,

19 3375 20 3384 ι
80 3349 283 3428 ὀΑροΠοιΙοιο
301 3347 421 3429 plaudit
434 3351 577 3411 imbrifer
595 3349 698 3427 Nilus,

19 3445 21 3494 I
132 3431 255 3494 Nasone
269 3431 393 3512 Peligni
407 3441 533 3511 sonant,

19 3509 21 3554 ἓ
98 3517 236 3596 Duosque
253 3518 389 3577 Senecas
403 3518 588 3600 unicumque
603 3517 760 3578 Lucanum

19 3589 21 3674 l
131 3600 278 3661 Facunda
291 3601 429 3679 quuitur
445 3600 606 3679 Corduba,
