2442 4209
174 324 217 392 sa
497 292 895 389 nnvnnmnnimms

301 477 412 559 Qualia
426 479 479 560 qni
492 478 625 539 Phariae
641 478 781 558 coniugis
794 498 879 539 arma
892 476 976 541 tulit.

237 564 469 629 §Excideratne
487 562 565 624 adeo
578 561 676 623 iatum
691 563 751 622 tibi
767 563 1025 644 nominitamus,

303 649 416 710 Obruit
430 648 552 708 Aetiaei
568 646 652 726 qnod
667 647 768 727 gravis
782 648 829 707 ira
843 647 943 707 freti?

260 737 310 795 An
326 734 385 794 tibi
398 733 543 814 promisit
553 730 684 793 Rhenus
699 729 782 810 qnod
797 750 861 792 non
877 730 967 793 desiit
980 729 1026 795 illi

301 815 407 897 Nilus,
430 822 463 877 et
476 816 602 879 Aretois
616 813 687 895 plus
701 813 842 876 licuisset
857 816 968 895 aqnisi

258 900 318 964 ille
333 904 426 962 etiam
441 902 557 962 nostris
573 900 727 960 Antonius
743 898 859 959 oceidit
873 900 985 981 armis,

216 995 253 1050 10
299 986 359 1064 Qui
373 986 430 1046 tibi
448 982 593 1062 collatus,
615 982 754 1065 perfide,
776 984 985 1047 coenarent.

665 1097 732 1159 ΧΠ.

205 1164 215 1186 ·
259 1196 363 1277 Nulli,
386 1198 483 1278 Thai,
504 1217 619 1279 negas,
641 1198 700 1260 sed
714 1198 741 1259 si
756 1204 788 1259 te
803 1217 865 1258 non
880 1197 979 1278 podet
991 1196 1091 1278 istml,

300 1282 370 1343 Hoc
385 1280 488 1344 saltim
503 1282 637 1364 pudeat,
660 1283 758 1362 Thai,
779 1300 896 1361 negare
912 1280 1001 1345 nihii.

659 1397 737 1460 xiii.

259 1495 404 1573 claudia,
425 1496 523 1575 Rufe,
545 1516 614 1557 meo
628 1497 718 1557 nabit
731 1496 903 1575 Peregrina
917 1494 1068 1557 l‘ntlenti:

301 1581 406 1641 Macte
425 1586 493 1640 esto
507 1580 625 1659 taedis,
648 1581 879 1660 oliymenaee‚
901 1581 972 1641 tnis.

262 1665 338 1725 Tam
353 1665 435 1724 bene
449 1684 520 1724 rora
535 1685 589 1726 sno
604 1666 775 1726 miscentur
793 1667 933 1726 cinnama
946 1663 1066 1745 nardo,

300 1749 436 1810 Massica
449 1748 584 1810 Theseis
599 1757 661 1809 tam
676 1750 757 1810 bene
771 1751 842 1817 vina
856 1749 950 1823 iavis3

238 1833 326 1897 oNee
341 1832 452 1894 meiius
467 1836 587 1895 teneris
600 1835 770 1912 iunguntur
783 1835 897 1895 vitibus
910 1831 1005 1910 nimi,

302 1917 368 1979 Nee
382 1916 451 1999 plus
463 1915 547 1979 lotos
564 1938 674 1999 aquas,
691 1916 787 1979 litora
800 1922 919 1997 myrtus
935 1924 1025 1979 amat.

261 2001 399 2063 Candida
413 2008 566 2082 perpetuo
582 2001 706 2081 reside,
728 2000 919 2080 Concordia,
940 2000 1044 2081 lecto,

303 2086 443 2165 Tamque
457 2087 526 2166 pari
541 2105 666 2167 semper
681 2087 723 2147 sit
736 2086 843 2148 Venus
859 2104 958 2168 aequa
971 2088 1055 2166 ingo.

260 2169 378 2250 Diligat
389 2168 444 2230 illa
459 2189 566 2231 senem
582 2169 752 2250 qnondam,
774 2169 830 2231 aeti
845 2176 879 2230 et
891 2172 959 2251 ipsa
973 2171 1087 2233 marito

218 2266 252 2318 10
302 2255 382 2315 Tnm
397 2274 519 2334 qnoque
534 2274 601 2315 eum
616 2255 729 2333 inerit,
748 2274 809 2315 non
822 2254 965 2317 videatur
980 2275 1068 2318 anns.

657 2390 738 2453 XIV.

260 2486 336 2568 Sili,
359 2486 547 2551 Castalidum
563 2486 830 2566 oeconomorum,

260 2573 320 2650 Qui
335 2574 474 2655 periuria
487 2572 612 2632 barbari
627 2572 744 2633 furoris

260 2657 382 2736 ingenti
394 2658 510 2738 premis
526 2673 581 2716 ore
596 2654 797 2737 periidosqne

259 2741 354 2803 Astus
368 2739 549 2802 Hannibalis
562 2741 710 2821 levesque
724 2742 847 2802 Poenos

238 2825 385 2906 5Magnis
400 2823 515 2887 cedere
534 2826 620 2904 cogis
635 2826 806 2887 Africanis:

258 2909 388 2974 Paulam
403 2912 538 2992 seposita
553 2911 739 2989 severitate,

258 2994 337 3055 Dum
351 2994 465 3061 blanda
481 3012 573 3073 vagus
589 2993 656 3055 alea
669 2995 843 3056 December

258 3078 390 3140 incertis
406 3086 495 3140 sonat
508 3080 582 3140 hino
597 3085 631 3140 et
643 3080 717 3141 hine
733 3078 853 3141 fritillis

258 3162 301 3224 Et
313 3162 395 3225 indit
408 3170 498 3245 tropa
511 3166 665 3244 nequiore
679 3162 761 3243 talo,

218 3245 382 3309 loNostris
396 3250 459 3309 otis
474 3247 633 3309 commoda
647 3248 807 3327 Camenis,

258 3330 325 3393 Nee
338 3338 427 3393 torva
439 3330 511 3411 lege
526 3332 648 3410 fronte,
668 3332 724 3393 sed
738 3332 868 3393 remissa

258 3416 394 3479 Lascivis
407 3414 546 3477 madidos
560 3418 639 3478 iocis
650 3414 787 3479 libellos.

259 3501 312 3563 Sie
325 3502 432 3563 iorsan
445 3507 537 3562 tener
551 3520 642 3563 ansas
657 3508 706 3563 est
721 3498 863 3563 catullus

258 3586 373 3666 Magno
387 3588 514 3647 mittere
527 3604 686 3665 passerem
700 3587 837 3649 Maroni.
