2442 4209
325 380 667 444 EPIGRAMMATON
680 382 755 443 LIB.
769 382 849 446 XIV.
1046 380 1109 445 337

342 584 446 647 CLIV.
469 583 580 646 Lunum
595 586 832 667 amethystinae.

148 683 250 744 libria
266 680 412 743 Sidoniae
429 702 498 744 cum
512 686 568 744 aim
583 682 624 745 de
639 686 788 764 sanguine
803 684 956 764 conchae,

192 768 263 827 Non
277 765 386 846 video,
407 786 504 847 quare
517 770 621 829 sobria
634 767 703 829 lanu
717 787 818 829 vocer.

419 901 510 966 CLV.
534 902 646 965 Lunae
660 904 759 965 albae.

145 1000 330 1065 Velleribus
343 1002 451 1083 primia
465 1002 616 1083 Appulia,
638 1004 748 1062 Parma
761 1001 905 1063 accundlr

190 1084 327 1147 Nobilio:
348 1084 489 1147 Altinum
503 1088 599 1148 tertia
611 1084 718 1147 laudat
731 1087 804 1146 ovio.

396 1221 499 1283 chi.
523 1220 633 1282 Lenem
653 1222 774 1301 Tyriae.

144 1319 213 1380 Noa
226 1319 490 1381 Lacedaemoniae
504 1327 613 1401 partor
627 1319 751 1381 donavit
765 1320 888 1384 amicae.

191 1404 338 1466 Deterior
351 1404 455 1465 Ledae
469 1424 606 1486 purpura
621 1406 727 1465 matria
742 1411 817 1465 erat.

349 1539 466 1602 GLVll.
490 1538 600 1601 Lanm
612 1539 817 1601 Pollentinae.

144 1638 219 1699 Non
231 1645 348 1699 tautum
362 1635 447 1718 pullo
461 1635 603 1715 lugentes
619 1635 854 1712 vellerelanaa,

190 1720 254 1783 Sed
268 1720 349 1782 aolet
364 1728 397 1781 et
411 1719 524 1781 calices
539 1723 616 1781 haec
632 1720 707 1781 dare
721 1727 807 1781 terra
828 1738 911 1780 ιιιιι.

467 1854 597 1916 GLVlll.
619 1854 714 1916 Idem.

140 1955 231 2015 Lana
246 1952 370 2031 quidem
384 1952 502 2030 trimis,
523 1951 579 2012 sed
592 1953 690 2012 tonsis
705 1958 778 2012 neta
796 1951 963 2029 ministris,
993 1924 999 1932 l

189 2035 305 2115 Quales
320 2055 381 2096 nou
395 2037 496 2115 primo
516 2034 556 2096 de
572 2056 667 2116 grege
684 2054 789 2097 menna
806 2034 891 2097 citat.

307 2171 410 2232 CLIX.
436 2170 622 2232 Tomentum
639 2170 860 2233 Leuconicum.

138 2272 323 2351 Oppressae
339 2270 465 2329 nimium
480 2268 580 2327 vicina
595 2275 645 2328 est
658 2268 753 2326 fascia
765 2266 910 2347 plumae?

188 2352 317 2417 Vellera
332 2353 515 2413 Leuconioia
531 2352 637 2431 accipe
655 2370 723 2411 raoa
738 2353 826 2430 ragis.

348 2486 438 2548 CLX.
462 2484 647 2547 Tomentum
664 2484 818 2546 Oirceooe.
935 2478 937 2483 ’

143 2586 338 2646 Tomentum
354 2585 476 2645 concina
488 2583 578 2664 palan
594 2584 745 2644 Circenae
758 2591 894 2645 vocatur.

188 2670 275 2729 Haec
290 2688 347 2750 pro
361 2668 537 2729 Leuconico
552 2670 699 2728 atramina
712 2686 830 2748 pauper
845 2670 930 2729 emit.

457 2802 561 2866 chl.
584 2800 707 2863 Pluma.

136 2906 256 2965 Laeana
270 2900 438 2982 Amyclaea
455 2903 575 2981 poteria
589 2903 791 2981 requiescere
807 2901 927 2981 pluma,

185 2988 320 3048 luterior
335 2987 425 3066 cygni
441 3006 530 3065 quam
545 2986 604 3046 tibi
616 2984 686 3047 lana
703 2984 799 3048 dedit.

436 3119 553 3181 clxii
576 3120 724 3181 Faenum.

137 3220 299 3282 Fraudata
314 3228 432 3282 tumeat
445 3219 564 3299 fragilia
582 3221 639 3280 tibi
654 3216 767 3279 culcita
779 3218 868 3280 mula.

186 3304 257 3365 Nou
271 3307 357 3366 venit
373 3303 411 3364 ad
426 3304 521 3364 duroa
534 3302 650 3385 pallida
665 3324 738 3363 cura
751 3310 846 3365 toros.

370 3438 498 3499 chffl.
526 3436 792 3500 lintinnodulom.

137 3536 253 3599 Redde
266 3537 377 3619 pilam:
396 3545 486 3600 tonat
500 3558 552 3599 aer
567 3540 766 3599 thermarum.
795 3538 919 3602 Ludere
933 3535 1061 3619 pergis?

182 3622 314 3703 Virgine
327 3623 373 3684 vlo
389 3621 456 3683 oola
470 3621 554 3683 lotus
572 3625 658 3684 abire
674 3622 804 3684 domum.

136 3708 254 3770 Μιιι.
856 3704 897 3765 22
