2442 4209
180 292 242 357 192
501 292 545 355 Μ.
561 292 654 356 VAL.
670 294 899 356 mannonis

264 446 355 523 Quod
368 448 395 507 si
408 444 490 506 ludis
505 444 604 506 adhue
619 444 779 524 semelque
793 450 880 509 nasei

264 531 334 591 Uno
349 533 409 591 iam
423 531 481 591 tibi
495 549 558 590 non
571 535 620 590 sat
633 537 683 589 est
696 532 728 589 in
744 550 840 608 anno,

263 615 375 675 Natum
387 622 437 691 te,
459 612 568 693 Clyte,
589 632 648 673 nee
662 614 760 675 semel
772 618 898 695 putabo.

652 747 746 811 va.

264 862 325 922 Hie
339 862 391 922 ubi
403 862 561 921 Fortunae
578 860 714 922 Reducis
729 860 882 941 fulgentia
895 860 961 924 late
1012 884 1017 893 ·

308 943 440 1026 Templa
453 945 571 1023 nitent,
592 943 669 1005 felix
682 964 755 1005 area
767 964 869 1026 nuper
885 955 971 1023 erat;

266 1032 326 1091 Hic
343 1031 432 1091 stetit
444 1030 554 1089 Arctoi
567 1029 722 1090 formosus
736 1028 866 1110 pulvere
882 1030 958 1092 belli

308 1115 503 1195 Purpureum
520 1112 656 1173 iundens
671 1114 786 1175 Caesar
802 1115 839 1174 ab
856 1134 912 1176 ore
926 1116 1031 1192 iubar;

242 1198 326 1261 ollio
339 1198 428 1258 lauru
442 1196 586 1257 redimita
600 1217 702 1258 comas
716 1203 750 1258 et
764 1196 896 1259 eandida
911 1199 995 1261 enltu
1080 1263 1088 1275 ‚

308 1282 404 1342 Roma
418 1279 562 1342 salutavit
575 1300 652 1341 vose
666 1300 819 1359 manuque
833 1281 935 1343 deum.

266 1366 392 1427 Grande
405 1366 468 1427 loci
481 1367 625 1427 meritum
640 1372 796 1427 testantur
809 1372 843 1426 et
858 1366 958 1428 altera
973 1367 1064 1427 duna:

310 1450 379 1510 Stat
393 1469 481 1511 sacer
496 1456 529 1510 et
544 1450 668 1510 domitis
687 1451 831 1529 gentibus
846 1471 935 1511 arcus
952 1459 1029 1513 ovat.
1066 1501 1070 1507 .

266 1534 326 1594 Hie
341 1535 455 1612 gemini
472 1553 580 1594 currus
599 1540 764 1595 numerant
778 1533 947 1614 elephanta
959 1537 1154 1615 frequentem,

226 1627 262 1679 10
310 1617 434 1679 Suifleit
447 1620 604 1679 immensis
620 1637 731 1679 aureus
744 1620 813 1698 ipse
826 1621 915 1698 iugis.

266 1702 352 1762 llaec
367 1709 416 1763 est
432 1701 524 1781 digna
537 1704 617 1782 tuis,
639 1703 841 1780 Germanice,
859 1710 954 1783 ¹porta
968 1705 1137 1786 triumphis;

309 1785 375 1846 Hos
391 1786 491 1847 aditus
506 1788 615 1848 urbem
630 1788 749 1849 Martis
756 1787 875 1847 habere
891 1787 993 1853 decet.

654 1920 760 1983 LXVI.

160 2052 179 2081 ··
267 2037 406 2114 Augusto
421 2037 473 2116 pia
487 2042 556 2094 tura
571 2036 772 2114 victimasque
882 2065 884 2070 ·

266 2119 328 2179 Pro
343 2125 447 2179 vestro
463 2117 534 2179 date
549 2118 643 2197 Silio,
666 2119 827 2180 Camenae.

268 2202 321 2262 Bia
337 2221 428 2262 senos
442 2204 529 2262 iubet
544 2222 584 2262 en
597 2202 704 2262 redire
719 2203 836 2280 fasces,

266 2285 345 2347 Nato
361 2285 503 2365 consule,
520 2284 681 2365 nobilique
694 2288 780 2365 virga

244 2371 357 2434 avaris
373 2369 536 2431 Castaliam
553 2368 674 2430 domum
691 2390 812 2431 sonare.

267 2456 383 2515 Rerum
397 2456 496 2535 prima
510 2453 591 2514 salue
606 2461 640 2513 et
652 2474 713 2514 una
728 2456 860 2531 Caesar,

268 2538 425 2599 Gaudenti
439 2544 583 2619 superest
597 2537 697 2598 adhue
712 2538 794 2617 quod
809 2544 916 2619 optet,

266 2622 358 2683 Felix
371 2642 508 2703 purpura
521 2623 697 2701 tertiusque
713 2621 828 2683 consul.

267 2708 416 2787 Pompeio
433 2706 558 2766 dederit
572 2705 651 2766 lieet
664 2713 788 2766 senatus

227 2794 310 2855 ront
325 2793 440 2852 Caesar
455 2808 570 2870 genero
586 2808 691 2850 saeros
704 2790 857 2867 honores,

269 2879 405 2955 Quorum
419 2876 565 2956 pacificus
581 2880 633 2934 ter
647 2871 803 2955 ampliavit

267 2964 357 3024 lanus
372 2962 509 3021 nomina:
533 2959 626 3020 Silius
643 2959 825 3037 frequentes

256 3045 387 3112 -Mavolt
399 3047 442 3106 sie
456 3062 620 3105 numerare
637 3042 821 3104 consulatus.

650 3169 770 3232 LXVll.

267 3293 369 3355 Horas
385 3290 520 3368 quinque
536 3304 615 3367 puer
631 3276 767 3345 nondum
781 3286 841 3346 tibi
853 3285 995 3362 nunciat,
1009 3291 1044 3346 et
1057 3292 1094 3347 tn

311 3377 373 3436 lam
387 3373 513 3433 conviva
526 3371 617 3445 mihi,
640 3369 836 3448 caeciliane,
857 3372 961 3448 venis,

267 3465 348 3527 (ium
362 3458 454 3520 modo
470 3452 651 3517 distulerint
664 3473 776 3515 raucae
790 3453 963 3515 vadimonia
979 3461 1110 3533 quartae

311 3550 354 3611 Et
367 3537 551 3609 Floralicias
564 3536 663 3600 lasset
676 3539 793 3599 harena
806 3539 900 3601 ieras.
