2442 4209
293 289 635 354 EPlGRAMMA'PON
647 290 723 354 LlB.
737 290 787 351 lX.
1003 290 1066 355 199

113 386 241 506 Grandis
255 432 289 504 in
304 443 443 503 aetherio
457 441 533 503 licet
547 444 648 503 auctio
663 444 717 502 liat
732 439 862 521 Olympo

153 529 373 607 Coganturque
389 525 441 585 dei
454 525 590 586 vendere
606 524 755 605 quidquid
772 525 902 585 habent:

95 612 318 673 5Conturbabit
332 608 439 688 Atlas3
456 615 491 669 et
503 629 565 669 non
580 612 642 669 erit
655 610 745 668 uncia
758 615 840 684 tota,

150 694 280 755 Decidat
294 700 395 754 tecum
410 713 469 772 qua
482 698 572 773 pater
586 695 655 773 ipse
670 690 768 753 dcirm.

112 779 167 838 Pro
183 776 370 858 Capitolinis
384 776 458 856 qnid
472 778 555 836 enim
571 778 629 837 tibi
643 775 766 836 solvere
780 773 923 854 templis,

150 861 229 938 Quid
243 882 301 942 pro
316 861 470 941 Tarpeiae
485 860 606 920 frondis
622 860 743 921 honore
753 860 880 939 potest?

114 945 186 1022 Quid
200 966 259 1025 pro
275 944 456 1005 culminibus
471 946 599 1022 geminis
615 949 753 1003 matrona
768 942 940 1003 Tonantis?

80 1040 108 1091 lt
147 1027 272 1089 Pallada
285 1034 466 1109 praetereo:
488 1047 540 1088 rea
554 1030 618 1107 agit
633 1027 686 1087 illa
701 1034 777 1087 tuas.

115 1112 188 1189 Quid
201 1110 314 1192 loquar
326 1110 459 1173 Alciden
475 1113 695 1191 Phoebumque
709 1112 840 1191 piosque
854 1108 1014 1168 Laconas?

150 1195 263 1257 Addita
279 1196 354 1275 quid
366 1196 454 1255 Latlo
469 1194 575 1256 Pluvia
592 1193 707 1275 templa
719 1192 816 1275 polo?
896 1215 899 1220 ·

112 1277 259 1359 llrpe'ctes
273 1287 308 1341 ct
320 1280 488 1357 sustineas,
507 1273 660 1358 Auguste,
682 1295 813 1338 necesse
827 1282 892 1336 est:

150 1363 223 1423 Nam
237 1365 295 1423 tibi
310 1362 392 1443 quod
407 1360 505 1423 solvat
519 1382 580 1423 non
595 1364 690 1423 habet
703 1382 774 1421 arca
788 1361 876 1421 lovis.

498 1497 549 1557 IV.

114 1594 250 1654 Aureolis
263 1595 344 1655 futui
359 1615 426 1656 cum
441 1596 544 1675 possit.
554 1593 643 1655 Galla
656 1593 773 1655 duobus

152 1680 190 1737 Et
204 1677 273 1758 plus
289 1698 377 1756 quam
393 1679 490 1758 futui,
514 1682 540 1739 si
555 1677 688 1739 totidem
701 1676 873 1739 addideris:

114 1760 258 1823 Aureolos
276 1769 339 1821 ate
355 1772 409 1822 cur
424 1763 551 1841 accipit,
574 1761 749 1842 Aeschylc‚
771 1760 891 1822 denos?

151 1846 216 1905 Non
231 1845 322 1907 fellat
336 1848 414 1906 tanti
430 1846 525 1909 Galla.
555 1845 637 1923 Quid
651 1847 748 1925 ergo?
777 1844 884 1905 Tacet.

523 1980 561 2043 V.

113 2072 228 2134 Nubere
241 2076 288 2134 vis
305 2075 426 2145 Prisco:
447 2096 509 2135 non
522 2078 637 2154 miror,
657 2073 766 2137 Paula:
789 2076 904 2155 sapIsti.

150 2158 269 2242 Ducere
281 2165 315 2218 te
330 2178 393 2218 non
407 2159 473 2220 volt
486 2159 626 2221 Priscus:
648 2165 681 2220 ct
696 2160 750 2220 illc
765 2160 854 2239 sapit.
922 2201 925 2208 .

511 2294 562 2357 Vl.

112 2388 194 2466 Tibi,
216 2408 331 2449 summe
344 2390 446 2451 Rheni
461 2391 594 2453 domitor
609 2400 642 2453 et
654 2408 768 2472 parens
783 2391 882 2468 orbis,

112 2470 220 2532 Pudice
233 2474 396 2553 princeps,
418 2478 531 2553 gratias
545 2483 640 2555 agunt
653 2478 765 2548 urbes;

112 2553 239 2637 Populos
254 2556 426 2617 habebunt:
446 2578 558 2638 parere
572 2561 632 2620 iam
647 2556 749 2620 scelus
764 2578 825 2619 non
840 2562 896 2617 est.

111 2638 173 2698 Nou
186 2658 264 2719 puer
278 2642 360 2700 avari
374 2648 476 2701 sectus
491 2650 558 2703 arte
573 2643 731 2723 mangonis

94 2721 275 2783 5Virilitatis
290 2722 398 2783 damna
412 2733 532 2786 maeret
545 2735 692 2808 ereptae,

111 2804 170 2865 Nec
184 2826 273 2885 quam
286 2810 437 2888 superbus
452 2817 609 2892 computet
624 2813 737 2892 stipem
751 2806 842 2886 leno,

111 2888 165 2949 Dat
177 2892 344 2970 prostituto
360 2894 472 2955 misera
486 2902 585 2955 mater
598 2895 719 2955 infanti.

112 2972 165 3048 Qui
178 2993 235 3033 nco
249 2974 343 3034 cubili
355 2976 458 3037 fuerat
477 2985 548 3040 ante
563 2987 596 3040 tc
611 2977 774 3059 qnondam.

110 3055 223 3135 Pudor,
247 3076 317 3117 esse
330 3067 433 3139 perte
448 3064 552 3143 coepit
566 3070 599 3124 et
611 3060 762 3141 lupanari.

504 3187 568 3250 Vll.

89 3284 95 3297 '
115 3278 219 3341 llicerc
234 3281 274 3342 de
288 3282 414 3363 Libycis
428 3284 535 3344 reduci
549 3286 606 3345 tibi
624 3286 783 3364 gentibus,
806 3284 901 3364 Afer,

150 3364 307 3436 Continuis
321 3366 406 3427 volui
419 3370 554 3447 quinque
570 3368 680 3429 diebus
694 3370 769 3431 Ave.

113 3444 286 3527 densarat,
313 3457 365 3511 aut
383 3451 513 3530 dormit,
534 3452 713 3528 dictumest
732 3454 780 3513 bis
793 3460 906 3532 terque
920 3468 1056 3511 reverso.

148 3531 205 3593 lam
218 3537 291 3595 satis
307 3542 371 3614 cst,
391 3535 485 3595 Afer:
505 3556 568 3595 uon
585 3537 630 3596 vis
645 3554 751 3597 avere:
772 3536 849 3597 vale.
