2442 4209
293 404 634 467 EPIGRAMMATON
648 406 723 469 LIII.
736 406 802 469 vu.
1012 403 1072 470 163

518 608 580 673 LII.

116 722 243 782 (iratum
256 728 320 800 eat,
335 721 418 801 quod
433 721 541 784 Celeri
554 728 680 783 noatroa
694 721 790 801 legia,
803 722 922 801 Aucta,
936 720 1072 803 libelloa,

155 806 188 866 Si
202 813 306 867 tamen
322 812 355 866 et
369 804 514 867 Celerem
533 806 615 885 quod
631 804 728 886 legia,
748 807 866 884 Auete,
887 809 981 872 iurat.

114 889 168 951 Ille
184 908 270 950 meaa
285 896 395 968 genter
410 896 443 950 et
457 889 564 952 Celtae
580 892 662 951 rexit
675 891 829 968 Hibe-roa,

153 973 220 1035 Nec
233 974 296 1033 fuit
308 975 341 1033 in
354 981 462 1035 nostro
477 976 595 1035 certior
610 976 687 1034 orbe
700 973 790 1035 iidea.

98 1058 219 1118 illicior
232 1074 282 1118 me
297 1064 384 1119 tauto
400 1059 580 1119 reverentia
591 1059 712 1135 turbat,
733 1064 768 1118 et
782 1060 872 1118 aurea

152 1140 223 1202 Non
237 1140 403 1219 auditoria,
423 1141 535 1203 iudicia
547 1160 618 1203 eaae
631 1149 715 1222 puto.

513 1274 589 1335 LIII.

115 1389 221 1449 Omnia
236 1391 346 1473 aalaiati
363 1391 438 1450 mihi
453 1388 684 1468 Saturnalibus,
699 1390 835 1467 Umber,

152 1473 302 1551 Munera,
325 1473 521 1534 contulerant
535 1492 614 1553 qaae
628 1475 686 1533 tihi
701 1474 836 1551 quinque
851 1471 935 1550 lica,

114 1557 163 1617 Bia
176 1576 270 1617 aenos
283 1555 425 1637 triplices
441 1565 473 1619 et
488 1556 692 1638 dentiscalpia
705 1563 842 1637 aeptem:
870 1610 875 1617 .

150 1641 209 1700 Hie
224 1659 328 1701 comer
343 1643 474 1702 acoeaait
488 1642 632 1722 spongia,
653 1661 780 1722 mappa,
803 1636 898 1719 calix,

97 1722 337 1804 tsemoaliusque
351 1724 442 1785 fabae
457 1722 525 1785 eum
537 1726 650 1786 vimine
664 1725 865 1802 Picenarum,

152 1810 193 1868 Et
207 1807 377 1868 Laletanae
394 1811 482 1887 ulgra
495 1808 604 1887 lagona
620 1828 729 1889 aapae3

114 1892 270 1971 Parvaque
284 1912 353 1951 cum
368 1894 450 1953 eania
465 1900 619 1953 venerunt
633 1899 756 1953 cottana
768 1892 876 1973 prunia

151 1977 192 2036 Et
206 1976 344 2056 Libycae
358 1976 410 2036 fici
425 1974 566 2057 pondere
581 1982 662 2037 testa
676 1978 786 2055 gravia

38 2114 41 2123 .
114 2060 169 2122 vir
183 2066 260 2140 puto
275 2061 403 2138 trigInta
416 2078 606 2120 nummorum
623 2066 688 2120 tota
703 2061 799 2120 Iuiaae

83 2152 109 2204 ιο
149 2144 299 2222 Munera,
323 2162 400 2222 quae
415 2143 548 2223 granden
562 2150 633 2203 octo
648 2142 750 2204 tulere
763 2143 844 2223 Syri

116 2228 232 2303 Quanto
250 2226 439 2287 commodius
455 2227 543 2287 nullo
557 2229 633 2287 mihi
646 2227 733 2289 ferre
747 2225 854 2289 labore

152 2312 285 2391 Argenti
299 2312 401 2393 potuit
415 2309 554 2393 pondera
569 2313 705 2390 quinque
721 2310 815 2392 puer!

512 2460 590 2523 LIV.

117 2568 243 2651 Semper
256 2589 347 2631 mane
362 2572 437 2631 mihi
452 2571 492 2632 de
507 2592 555 2633 me
573 2580 627 2633 tua
642 2574 760 2633 somnia
772 2589 896 2649 narrat,

28 2702 29 2708 ,
153 2655 238 2730 Quae
252 2662 397 2715 moveant
410 2656 542 2716 animum
557 2654 788 2736 sollicitentque
802 2673 912 2715 meum.

28 2753 29 2805 3
114 2736 171 2797 iarn
185 2739 273 2818 prior
289 2737 327 2798 arI
341 2740 478 2818 faecem,
499 2739 556 2800 aed
570 2748 603 2800 et
617 2741 694 2800 haec
708 2737 975 2813 vindemiaverit,

152 2822 268 2883 Exorat
281 2829 392 2883 noctes
405 2821 478 2883 alum
492 2824 568 2885 mihi
582 2842 654 2903 uaga
668 2831 745 2885 tara.

28 2916 29 2963 1
97 2905 297 2989 aconaumpai
312 2906 468 2987 adaaaque
482 2906 579 2968 molas
593 2913 627 2967 et
640 2909 719 2968 turia
733 2922 876 2981 acervoa,

29 2979 30 3055 l
153 2990 332 3051 Decrevere
347 3007 475 3069 greges,
498 2991 570 3052 tium
584 2990 668 3051 cadit
681 3009 757 3070 agna
771 2989 938 3067 irequena;

29 3084 33 3174 I,
115 3071 180 3132 Non
194 3094 325 3154 porcua,
347 3093 409 3134 uon
429 3074 546 3136 chorus
561 3092 649 3153 avea,
670 3093 733 3135 non
746 3094 802 3135 ova
816 3074 992 3153 auperaout

29 3176 30 3231 ι
153 3157 214 3217 Aut
229 3155 325 3237 vIgila
339 3164 392 3219 aut
407 3158 524 3239 dormi,
546 3158 730 3237 Nasidieue,
751 3158 819 3219 tibi.

516 3292 583 3357 LV.

31 3453 35 3474 „
115 3398 198 3463 Nulli
211 3422 355 3482 manera,
377 3404 528 3483 chresto,
550 3406 578 3464 ai
591 3405 743 3484 remittis,

115 3485 176 3546 Nec
191 3489 280 3569 nobis
296 3487 422 3549 dederis
436 3489 673 3568 remiseriaque‘:

31 3580 32 3583 ’
116 3570 245 3632 Credam
258 3579 292 3633 te
307 3574 382 3633 satia
397 3588 467 3634 eane
480 3571 654 3635 liberalem.

116 3652 176 3715 Sed
191 3656 217 3716 ai
230 3654 339 3718 reddin
353 3658 464 3739 Apicio
477 3657 628 3739 Lupoque
798 3736 861 3800 w
