2442 4209
507 409 551 472 ot.
567 407 658 472 VAL.
674 406 903 469 MARTIALIS

209 609 214 614 -
307 563 350 624 Et
363 581 418 622 oor
431 560 515 622 solua
528 562 642 640 habea,
664 557 749 621 saluo
762 566 795 620 et
808 561 976 638 Ingenium.

247 647 383 708 50mnia
396 645 480 706 uolua
492 646 590 707 habea
604 679 645 690 -
659 646 721 705 hoo
735 663 785 704 me
799 651 874 725 puta
887 643 971 704 velle
988 644 1116 724 negare!
1130 677 1166 689 —

306 731 444 792 Uxorem
460 729 517 792 aed
529 731 643 806 habea,
665 727 821 807 Candide,
845 748 914 788 oum
926 726 1053 810 populo.

628 926 632 934 .
646 876 769 941 XXVII.

265 994 426 1076 Nunquam
440 1014 490 1056 me
504 1013 648 1073 revocas,
669 995 774 1054 venias
791 1013 859 1054 oum
873 1013 967 1076 oaepe
979 1000 1118 1055 vocatus:

307 1080 452 1159 Ignosco,
473 1077 632 1140 nullumai
646 1078 753 1156 modo,
775 1076 883 1156 Galle,
904 1098 1004 1140 vooaa.

264 1163 377 1225 Invitas
391 1151 482 1225 alios:
503 1165 610 1224 vitium
626 1169 676 1223 eat
689 1164 861 1242 utriunque.
889 1161 1003 1240 „Quod
1010 1162 1050 1222 ‘I“
1062 1163 1165 1244 inquio.

307 1249 349 1310 Et
362 1251 438 1309 mihi
453 1253 664 1325 condonent,
686 1256 720 1307 et
733 1248 809 1326 tibi,
831 1247 938 1326 Galle,
960 1245 1072 1328 pudor.

630 1394 767 1460 XXVIII.

264 1514 443 1577 Auriculam
457 1515 560 1578 Mario
576 1518 711 1596 graviter
725 1516 847 1574 miraris
861 1515 959 1578 olere.

306 1601 356 1662 Tu
369 1599 448 1662 faeda
463 1601 540 1662 hoo:
563 1603 679 1681 garrio,
700 1598 832 1677 Nestor,
853 1601 886 1659 in
901 1598 1079 1662 auriculam.

647 1733 756 1796 XXIX

263 1847 328 1909 Idas
343 1869 412 1911 cum
426 1852 547 1931 gemina
561 1848 712 1931 compede
726 1847 852 1908 dedicat
865 1854 1005 1926 catenas,

264 1933 415 2014 Saturne,
435 1936 494 1996 tibi
508 1933 634 2014 Zoilus,
656 1931 764 1993 anulos
779 1933 910 2013 priores.

647 2081 743 2143 XXX.

263 2191 411 2275 Sportula
425 2191 509 2253 nulla
525 2191 633 2268 datur;
654 2193 751 2274 grqtia
766 2193 891 2252 conviva
905 2194 1079 2253 recumbis:

304 2279 363 2337 Dio
376 2279 468 2356 mihi,
491 2276 565 2356 quid
579 2277 712 2354 Romae,
723 2275 929 2355 Gargilium,
950 2277 1054 2337 facis?

262 2360 354 2423 Unde
372 2363 430 2422 tibi
443 2360 550 2441 togula
563 2368 613 2422 eat
627 2367 661 2420 et
674 2361 780 2420 fuaoae
793 2362 902 2441 penaio
917 2360 1042 2421 oollae?

304 2444 397 2506 Unde
414 2444 504 2506 datur
519 2444 696 2525 quadrans?
716 2443 799 2505 unde
814 2447 862 2505 vir
877 2463 910 2505 ea
925 2446 1089 2507 Chiones?

241 2531 342 2592 ocum
356 2531 477 2591 ratione
491 2529 568 2591 licet
582 2529 666 2590 dioaa
678 2535 712 2589 te
725 2531 831 2589 vivere
845 2549 977 2608 summa,

305 2613 396 2690 Quod
412 2616 504 2695 vivia,
523 2613 609 2675 nulla
624 2633 692 2674 oum
706 2615 827 2676 ratione
840 2614 927 2674 facia.

647 2763 756 2828 XXXI.

262 2880 341 2941 Sunt
355 2880 429 2957 tibi,
452 2879 622 2957 confiteor,
642 2878 747 2939 diffusi
762 2880 870 2958 iugera
882 2882 981 2960 campi

302 2965 482 3042 Urbanique
495 2968 606 3023 tenent
618 2963 747 3042 praedia
760 2962 858 3024 multa
871 2964 971 3040 lorea,

260 3048 303 3109 Et
318 3049 414 3107 servit
428 3047 569 3107 dominae
583 3066 766 3108 numerosus
780 3047 906 3109 deb1tor
921 3058 1010 3108 areae

304 3130 526 3210 Sustentatque
540 3138 609 3192 tuas
623 3151 716 3192 aurea
730 3152 829 3192 maana
843 3131 948 3212 dapes.

237 3213 417 3278 §Fastidire
431 3221 535 3275 tamen
551 3215 632 3293 noli,
652 3216 780 3293 Rufina,
801 3218 953 3276 minores:

302 3298 378 3360 Plus
392 3299 500 3360 habuit
512 3299 680 3380 Didymus,
695 3299 765 3380 plus
778 3299 972 3361 PhiIomelua
986 3302 1093 3364 habet.

635 3450 758 3514 XXXII.

259 3569 309 3630 An
323 3568 440 3648 poesim
454 3564 587 3628 vetulam
604 3569 740 3648 quaeris,
756 3567 920 3629 MatrInIa:
941 3546 1068 3650 pooauna

302 3654 345 3715 Et
358 3650 511 3730 vetulam,
532 3652 590 3713 aed
605 3659 640 3713 tu
654 3659 791 3733 mortua,
812 3673 876 3716 non
889 3651 993 3716 vetula
1007 3670 1051 3714 ea.
