<?xml version="1.0" encoding="UTF-8"?>
<!DOCTYPE html PUBLIC "-//W3C//DTD XHTML 1.0 Transitional//EN"
    "http://www.w3.org/TR/xhtml1/DTD/xhtml1-transitional.dtd">
<html xmlns="http://www.w3.org/1999/xhtml" xml:lang="en" lang="en">
 <head>
  <title>
</title>
<meta http-equiv="Content-Type" content="text/html;charset=utf-8" />
  <meta name='ocr-system' content='tesseract 3.04.00' />
  <meta name='ocr-capabilities' content='ocr_page ocr_carea ocr_par ocr_line ocrx_word'/>
</head>
<body>
  <div class='ocr_page' id='page_1' title='image "./mvalmartialisep02martgoog_0247.png"; bbox 0 0 2442 4209; ppageno 0'>
   <div class='ocr_carea' id='block_1_1' title="bbox 297 361 1061 471">
    <p class='ocr_par' dir='ltr' id='par_1_1' title="bbox 297 361 1061 471">
     <span class='ocr_line' id='line_1_1' title="bbox 297 361 1061 471; baseline 0.014 -36"><span class='ocrx_word' id='word_1_1' title='bbox 297 376 785 471; x_wconf 64' lang='lat' dir='ltr'><strong>nrnonnsmnmmmna</strong></span> <span class='ocrx_word' id='word_1_2' title='bbox 999 361 1061 445; x_wconf 70' lang='grc'><strong>127</strong></span> 
     </span>
    </p>
   </div>
   <div class='ocr_carea' id='block_1_2' title="bbox 78 528 784 1030">
    <p class='ocr_par' dir='ltr' id='par_1_2' title="bbox 78 528 784 1030">
     <span class='ocr_line' id='line_1_2' title="bbox 112 528 746 609; baseline -0.003 -18"><span class='ocrx_word' id='word_1_3' title='bbox 112 530 190 591; x_wconf 86' lang='lat' dir='ltr'><strong>Voce</strong></span> <span class='ocrx_word' id='word_1_4' title='bbox 206 538 239 589; x_wconf 90' lang='lat' dir='ltr'><strong>ut</strong></span> <span class='ocrx_word' id='word_1_5' title='bbox 254 528 400 609; x_wconf 89' lang='lat' dir='ltr'><strong>loquatur</strong></span> <span class='ocrx_word' id='word_1_6' title='bbox 413 531 563 609; x_wconf 79' lang='lat' dir='ltr'><strong>psittacus</strong></span> <span class='ocrx_word' id='word_1_7' title='bbox 579 533 746 590; x_wconf 69' lang='lat' dir='ltr'><strong>coturnicis</strong></span> 
     </span>
     <span class='ocr_line' id='line_1_3' title="bbox 109 615 735 693; baseline 0.003 -21"><span class='ocrx_word' id='word_1_8' title='bbox 109 615 146 672; x_wconf 81' lang='lat' dir='ltr'><strong>nt</strong></span> <span class='ocrx_word' id='word_1_9' title='bbox 160 615 359 693; x_wconf 71' lang='lat' dir='ltr'><strong>concupiscat</strong></span> <span class='ocrx_word' id='word_1_10' title='bbox 374 632 443 673; x_wconf 81' lang='lat' dir='ltr'><strong>asse</strong></span> <span class='ocrx_word' id='word_1_11' title='bbox 459 615 561 673; x_wconf 82' lang='lat' dir='ltr'><strong>Canus</strong></span> <span class='ocrx_word' id='word_1_12' title='bbox 575 615 735 674; x_wconf 77' lang='lat' dir='ltr'><strong>nsuaules?</strong></span> 
     </span>
     <span class='ocr_line' id='line_1_4' title="bbox 110 696 738 777; baseline 0.002 -21"><span class='ocrx_word' id='word_1_13' title='bbox 110 697 217 757; x_wconf 89' lang='lat' dir='ltr'><strong>Procul</strong></span> <span class='ocrx_word' id='word_1_14' title='bbox 234 719 250 757; x_wconf 87' lang='lat' dir='ltr'><strong>a</strong></span> <span class='ocrx_word' id='word_1_15' title='bbox 264 696 380 759; x_wconf 78' lang='lat' dir='ltr'><strong>libellis</strong></span> <span class='ocrx_word' id='word_1_16' title='bbox 394 701 482 777; x_wconf 82' lang='lat' dir='ltr'><strong>nigra</strong></span> <span class='ocrx_word' id='word_1_17' title='bbox 497 700 538 758; x_wconf 86' lang='lat' dir='ltr'><strong>sit</strong></span> <span class='ocrx_word' id='word_1_18' title='bbox 551 700 629 757; x_wconf 84' lang='lat' dir='ltr'><strong>meis</strong></span> <span class='ocrx_word' id='word_1_19' title='bbox 643 700 738 775; x_wconf 85' lang='lat' dir='ltr'><strong>loma,</strong></span> 
     </span>
     <span class='ocr_line' id='line_1_5' title="bbox 78 780 775 861; baseline -0.001 -19"><span class='ocrx_word' id='word_1_20' title='bbox 78 782 186 855; x_wconf 78' lang='lat' dir='ltr'><strong>leuos</strong></span> <span class='ocrx_word' id='word_1_21' title='bbox 202 802 307 841; x_wconf 89' lang='lat' dir='ltr'><strong>rumor</strong></span> <span class='ocrx_word' id='word_1_22' title='bbox 322 780 390 842; x_wconf 87' lang='lat' dir='ltr'><strong>alba</strong></span> <span class='ocrx_word' id='word_1_23' title='bbox 407 801 560 861; x_wconf 84' lang='lat' dir='ltr'><strong>gemmeus</strong></span> <span class='ocrx_word' id='word_1_24' title='bbox 574 784 660 842; x_wconf 86' lang='lat' dir='ltr'><strong>vehit</strong></span> <span class='ocrx_word' id='word_1_25' title='bbox 675 784 775 861; x_wconf 89' lang='lat' dir='ltr'><strong>pinna.</strong></span> 
     </span>
     <span class='ocr_line' id='line_1_6' title="bbox 110 866 784 946; baseline 0.003 -23"><span class='ocrx_word' id='word_1_26' title='bbox 110 866 169 924; x_wconf 83' lang='lat' dir='ltr'><strong>Gur</strong></span> <span class='ocrx_word' id='word_1_27' title='bbox 182 884 240 944; x_wconf 80' lang='lat' dir='ltr'><strong>ego</strong></span> <span class='ocrx_word' id='word_1_28' title='bbox 257 866 394 926; x_wconf 89' lang='lat' dir='ltr'><strong>laborem</strong></span> <span class='ocrx_word' id='word_1_29' title='bbox 410 874 500 926; x_wconf 90' lang='lat' dir='ltr'><strong>notus</strong></span> <span class='ocrx_word' id='word_1_30' title='bbox 514 880 583 926; x_wconf 80' lang='lat' dir='ltr'><strong>esse</strong></span> <span class='ocrx_word' id='word_1_31' title='bbox 598 873 659 925; x_wconf 89' lang='lat' dir='ltr'><strong>tam</strong></span> <span class='ocrx_word' id='word_1_32' title='bbox 675 885 784 946; x_wconf 84' lang='lat' dir='ltr'><strong>prave,</strong></span> 
     </span>
     <span class='ocr_line' id='line_1_7' title="bbox 110 950 757 1030; baseline 0 -21"><span class='ocrx_word' id='word_1_33' title='bbox 110 950 256 1010; x_wconf 85' lang='lat' dir='ltr'><strong>Constare</strong></span> <span class='ocrx_word' id='word_1_34' title='bbox 272 950 367 1028; x_wconf 81' lang='lat' dir='ltr'><strong>gratis</strong></span> <span class='ocrx_word' id='word_1_35' title='bbox 383 970 449 1009; x_wconf 91' lang='lat' dir='ltr'><strong>cum</strong></span> <span class='ocrx_word' id='word_1_36' title='bbox 465 950 621 1010; x_wconf 88' lang='lat' dir='ltr'><strong>silentium</strong></span> <span class='ocrx_word' id='word_1_37' title='bbox 635 950 757 1030; x_wconf 74' lang='lat' dir='ltr'><strong>possit?</strong></span> 
     </span>
    </p>
   </div>
   <div class='ocr_carea' id='block_1_3' title="bbox 511 1085 594 1159">
    <p class='ocr_par' dir='ltr' id='par_1_3' title="bbox 511 1085 594 1159">
     <span class='ocr_line' id='line_1_8' title="bbox 511 1085 594 1159; baseline -0.024 -14"><span class='ocrx_word' id='word_1_38' title='bbox 511 1085 562 1150; x_wconf 82' lang='lat' dir='ltr'><strong>lv.</strong></span> <span class='ocrx_word' id='word_1_39' title='bbox 592 1152 594 1159; x_wconf 33' lang='grc' dir='ltr'>Ι</span> 
     </span>
    </p>
   </div>
   <div class='ocr_carea' id='block_1_4' title="bbox 73 1194 1031 2200">
    <p class='ocr_par' dir='ltr' id='par_1_4' title="bbox 73 1194 1031 2200">
     <span class='ocr_line' id='line_1_9' title="bbox 109 1194 913 1277; baseline 0.007 -24"><span class='ocrx_word' id='word_1_40' title='bbox 109 1197 162 1271; x_wconf 78' lang='lat' dir='ltr'><strong>Qui</strong></span> <span class='ocrx_word' id='word_1_41' title='bbox 176 1195 257 1273; x_wconf 84' lang='lat' dir='ltr'><strong>legis</strong></span> <span class='ocrx_word' id='word_1_42' title='bbox 273 1194 456 1277; x_wconf 80' lang='lat' dir='ltr'>Oedipoden</span> <span class='ocrx_word' id='word_1_43' title='bbox 473 1195 719 1275; x_wconf 73' lang='lat' dir='ltr'><strong>caligantemque</strong></span> <span class='ocrx_word' id='word_1_44' title='bbox 734 1198 913 1277; x_wconf 75' lang='lat' dir='ltr'><strong>Thyesten,</strong></span> 
     </span>
     <span class='ocr_line' id='line_1_10' title="bbox 147 1278 950 1362; baseline 0.005 -23"><span class='ocrx_word' id='word_1_45' title='bbox 147 1278 311 1339; x_wconf 80' lang='lat' dir='ltr'><strong>Colchidas</strong></span> <span class='ocrx_word' id='word_1_46' title='bbox 326 1291 359 1341; x_wconf 89' lang='lat' dir='ltr'><strong>et</strong></span> <span class='ocrx_word' id='word_1_47' title='bbox 374 1280 509 1360; x_wconf 72' lang='lat' dir='ltr'><strong>Scyllas,</strong></span> <span class='ocrx_word' id='word_1_48' title='bbox 533 1280 605 1360; x_wconf 91' lang='lat' dir='ltr'><strong>quid</strong></span> <span class='ocrx_word' id='word_1_49' title='bbox 623 1284 682 1341; x_wconf 90' lang='lat' dir='ltr'><strong>nisi</strong></span> <span class='ocrx_word' id='word_1_50' title='bbox 698 1294 834 1342; x_wconf 84' lang='lat' dir='ltr'><strong>monstra</strong></span> <span class='ocrx_word' id='word_1_51' title='bbox 849 1284 950 1362; x_wconf 68' lang='lat' dir='ltr'><strong>legis?</strong></span> 
     </span>
     <span class='ocr_line' id='line_1_11' title="bbox 107 1362 1031 1448; baseline 0.006 -26"><span class='ocrx_word' id='word_1_52' title='bbox 107 1362 183 1441; x_wconf 83' lang='lat' dir='ltr'><strong>Quid</strong></span> <span class='ocrx_word' id='word_1_53' title='bbox 199 1366 256 1423; x_wconf 91' lang='lat' dir='ltr'><strong>tibi</strong></span> <span class='ocrx_word' id='word_1_54' title='bbox 272 1373 376 1445; x_wconf 86' lang='lat' dir='ltr'><strong>raptus</strong></span> <span class='ocrx_word' id='word_1_55' title='bbox 393 1362 505 1444; x_wconf 81' lang='lat' dir='ltr'><strong>Hylas,</strong></span> <span class='ocrx_word' id='word_1_56' title='bbox 525 1362 599 1443; x_wconf 88' lang='lat' dir='ltr'><strong>qaid</strong></span> <span class='ocrx_word' id='word_1_57' title='bbox 616 1366 867 1447; x_wconf 67' lang='lat' dir='ltr'>Parthenopaeus</span> <span class='ocrx_word' id='word_1_58' title='bbox 882 1376 914 1428; x_wconf 90' lang='lat' dir='ltr'><strong>et</strong></span> <span class='ocrx_word' id='word_1_59' title='bbox 931 1369 1031 1448; x_wconf 80' lang='lat' dir='ltr'><strong>Attis,</strong></span> 
     </span>
     <span class='ocr_line' id='line_1_12' title="bbox 145 1448 836 1529; baseline 0.004 -23"><span class='ocrx_word' id='word_1_60' title='bbox 145 1448 227 1522; x_wconf 78' lang='lat' dir='ltr'><strong>Quid</strong></span> <span class='ocrx_word' id='word_1_61' title='bbox 243 1449 298 1507; x_wconf 91' lang='lat' dir='ltr'><strong>tibi</strong></span> <span class='ocrx_word' id='word_1_62' title='bbox 310 1448 468 1508; x_wconf 80' lang='lat' dir='ltr'><strong>&#39;dormitor</strong></span> <span class='ocrx_word' id='word_1_63' title='bbox 483 1448 626 1528; x_wconf 85' lang='lat' dir='ltr'><strong>proderit</strong></span> <span class='ocrx_word' id='word_1_64' title='bbox 640 1450 836 1529; x_wconf 73' lang='lat' dir='ltr'><strong>Endymion?</strong></span> 
     </span>
     <span class='ocr_line' id='line_1_13' title="bbox 88 1531 823 1614; baseline 0.003 -21"><span class='ocrx_word' id='word_1_65' title='bbox 88 1534 257 1593; x_wconf 76' lang='grc'>1111111111</span> <span class='ocrx_word' id='word_1_66' title='bbox 272 1552 351 1611; x_wconf 90' lang='lat' dir='ltr'><strong>puer</strong></span> <span class='ocrx_word' id='word_1_67' title='bbox 366 1536 468 1612; x_wconf 81' lang='lat' dir='ltr'><strong>pinnis</strong></span> <span class='ocrx_word' id='word_1_68' title='bbox 481 1531 684 1593; x_wconf 73' lang='lat' dir='ltr'><strong>labentibus?</strong></span> <span class='ocrx_word' id='word_1_69' title='bbox 704 1542 756 1594; x_wconf 84' lang='lat' dir='ltr'><strong>aut</strong></span> <span class='ocrx_word' id='word_1_70' title='bbox 772 1536 823 1614; x_wconf 93' lang='lat' dir='ltr'><strong>qui</strong></span> 
     </span>
     <span class='ocr_line' id='line_1_14' title="bbox 145 1616 822 1699; baseline 0.003 -24"><span class='ocrx_word' id='word_1_71' title='bbox 145 1616 221 1676; x_wconf 83' lang='lat' dir='ltr'><strong>Odit</strong></span> <span class='ocrx_word' id='word_1_72' title='bbox 237 1618 398 1677; x_wconf 79' lang='lat' dir='ltr'><strong>amatrices</strong></span> <span class='ocrx_word' id='word_1_73' title='bbox 411 1617 691 1697; x_wconf 81' lang='lat' dir='ltr'><strong>Hermaphroditus</strong></span> <span class='ocrx_word' id='word_1_74' title='bbox 705 1620 822 1699; x_wconf 74' lang='lat' dir='ltr'><strong>aquas?</strong></span> 
     </span>
     <span class='ocr_line' id='line_1_15' title="bbox 107 1701 894 1777; baseline 0.003 -18"><span class='ocrx_word' id='word_1_75' title='bbox 107 1701 182 1777; x_wconf 81' lang='lat' dir='ltr'><strong>Quid</strong></span> <span class='ocrx_word' id='word_1_76' title='bbox 199 1707 232 1761; x_wconf 93' lang='grc'><strong>11</strong></span> <span class='ocrx_word' id='word_1_77' title='bbox 246 1721 321 1760; x_wconf 83' lang='lat' dir='ltr'><strong>vana</strong></span> <span class='ocrx_word' id='word_1_78' title='bbox 336 1703 439 1761; x_wconf 90' lang='lat' dir='ltr'><strong>iuvant</strong></span> <span class='ocrx_word' id='word_1_79' title='bbox 453 1704 583 1761; x_wconf 84' lang='lat' dir='ltr'><strong>miserae</strong></span> <span class='ocrx_word' id='word_1_80' title='bbox 598 1701 733 1762; x_wconf 90' lang='lat' dir='ltr'><strong>ludibria</strong></span> <span class='ocrx_word' id='word_1_81' title='bbox 747 1704 894 1763; x_wconf 73' lang='lat' dir='ltr'><strong>chartae?</strong></span> 
     </span>
     <span class='ocr_line' id='line_1_16' title="bbox 145 1783 977 1865; baseline 0.002 -22"><span class='ocrx_word' id='word_1_82' title='bbox 145 1786 213 1845; x_wconf 87' lang='lat' dir='ltr'><strong>lloc</strong></span> <span class='ocrx_word' id='word_1_83' title='bbox 232 1783 321 1864; x_wconf 81' lang='lat' dir='ltr'><strong>lege,</strong></span> <span class='ocrx_word' id='word_1_84' title='bbox 345 1785 426 1864; x_wconf 90' lang='lat' dir='ltr'><strong>quod</strong></span> <span class='ocrx_word' id='word_1_85' title='bbox 441 1787 539 1865; x_wconf 86' lang='lat' dir='ltr'><strong>possit</strong></span> <span class='ocrx_word' id='word_1_86' title='bbox 555 1784 661 1845; x_wconf 87' lang='lat' dir='ltr'><strong>dicere</strong></span> <span class='ocrx_word' id='word_1_87' title='bbox 676 1788 737 1845; x_wconf 70' lang='lat' dir='ltr'><strong>rita</strong></span> <span class='ocrx_word' id='word_1_88' title='bbox 751 1788 877 1864; x_wconf 85' lang='lat' dir='ltr'><strong>„Meum</strong></span> <span class='ocrx_word' id='word_1_89' title='bbox 896 1788 977 1851; x_wconf 81' lang='lat' dir='ltr'><strong>est,“</strong></span> 
     </span>
     <span class='ocr_line' id='line_1_17' title="bbox 106 1869 932 1951; baseline 0.001 -23"><span class='ocrx_word' id='word_1_90' title='bbox 106 1869 169 1929; x_wconf 84' lang='lat' dir='ltr'><strong>Non</strong></span> <span class='ocrx_word' id='word_1_91' title='bbox 183 1869 236 1929; x_wconf 88' lang='lat' dir='ltr'><strong>bic</strong></span> <span class='ocrx_word' id='word_1_92' title='bbox 252 1869 443 1947; x_wconf 80' lang='lat' dir='ltr'><strong>Centauros,</strong></span> <span class='ocrx_word' id='word_1_93' title='bbox 465 1886 525 1928; x_wconf 93' lang='lat' dir='ltr'><strong>non</strong></span> <span class='ocrx_word' id='word_1_94' title='bbox 543 1870 704 1947; x_wconf 83' lang='lat' dir='ltr'><strong>Gorgonas</strong></span> <span class='ocrx_word' id='word_1_95' title='bbox 718 1870 932 1951; x_wconf 80' lang='lat' dir='ltr'><strong>Harpyiasque</strong></span> 
     </span>
     <span class='ocr_line' id='line_1_18' title="bbox 73 1954 822 2035; baseline -0.003 -24"><span class='ocrx_word' id='word_1_96' title='bbox 73 1962 100 2013; x_wconf 86' lang='lat'><strong>10</strong></span> <span class='ocrx_word' id='word_1_97' title='bbox 143 1954 299 2013; x_wconf 84' lang='lat' dir='ltr'><strong>Invenies:</strong></span> <span class='ocrx_word' id='word_1_98' title='bbox 321 1955 475 2013; x_wconf 88' lang='lat' dir='ltr'><strong>homiuem</strong></span> <span class='ocrx_word' id='word_1_99' title='bbox 489 1954 599 2033; x_wconf 83' lang='lat' dir='ltr'><strong>pagina</strong></span> <span class='ocrx_word' id='word_1_100' title='bbox 615 1962 720 2012; x_wconf 86' lang='lat' dir='ltr'><strong>nostra</strong></span> <span class='ocrx_word' id='word_1_101' title='bbox 737 1956 822 2035; x_wconf 64' lang='lat' dir='ltr'><strong>sapit,</strong></span> 
     </span>
     <span class='ocr_line' id='line_1_19' title="bbox 107 2034 925 2115; baseline 0.001 -19"><span class='ocrx_word' id='word_1_102' title='bbox 107 2036 166 2097; x_wconf 87' lang='lat' dir='ltr'><strong>Sed</strong></span> <span class='ocrx_word' id='word_1_103' title='bbox 180 2034 250 2097; x_wconf 78' lang='lat' dir='ltr'><strong>nors</strong></span> <span class='ocrx_word' id='word_1_104' title='bbox 257 2038 319 2114; x_wconf 85' lang='lat' dir='ltr'><strong>vis,</strong></span> <span class='ocrx_word' id='word_1_105' title='bbox 339 2038 514 2113; x_wconf 77' lang='lat' dir='ltr'><strong>Mamurra,</strong></span> <span class='ocrx_word' id='word_1_106' title='bbox 536 2042 606 2097; x_wconf 88' lang='lat' dir='ltr'><strong>taos</strong></span> <span class='ocrx_word' id='word_1_107' title='bbox 621 2054 809 2115; x_wconf 83' lang='lat' dir='ltr'><strong>cognoscere</strong></span> <span class='ocrx_word' id='word_1_108' title='bbox 824 2057 925 2098; x_wconf 87' lang='lat' dir='ltr'><strong>mores</strong></span> 
     </span>
     <span class='ocr_line' id='line_1_20' title="bbox 142 2118 782 2200; baseline 0.006 -21"><span class='ocrx_word' id='word_1_109' title='bbox 142 2122 254 2181; x_wconf 88' lang='lat' dir='ltr'><strong>Necte</strong></span> <span class='ocrx_word' id='word_1_110' title='bbox 269 2122 365 2181; x_wconf 87' lang='lat' dir='ltr'><strong>scire:</strong></span> <span class='ocrx_word' id='word_1_111' title='bbox 387 2121 472 2200; x_wconf 81' lang='lat' dir='ltr'><strong>legas</strong></span> <span class='ocrx_word' id='word_1_112' title='bbox 488 2122 578 2179; x_wconf 85' lang='lat' dir='ltr'><strong>Aetia</strong></span> <span class='ocrx_word' id='word_1_113' title='bbox 594 2118 782 2183; x_wconf 83' lang='lat' dir='ltr'><strong>Callimachi.</strong></span> 
     </span>
    </p>
   </div>
   <div class='ocr_carea' id='block_1_5' title="bbox 523 2256 559 2317">
    <p class='ocr_par' dir='ltr' id='par_1_5' title="bbox 523 2256 559 2317">
     <span class='ocr_line' id='line_1_21' title="bbox 523 2256 559 2317; baseline -0.028 0"><span class='ocrx_word' id='word_1_114' title='bbox 523 2256 559 2317; x_wconf 85' lang='lat' dir='ltr'><strong>V.</strong></span> 
     </span>
    </p>
   </div>
   <div class='ocr_carea' id='block_1_6' title="bbox 14 2367 820 3706">
    <p class='ocr_par' dir='ltr' id='par_1_6' title="bbox 105 2367 820 2615">
     <span class='ocr_line' id='line_1_22' title="bbox 107 2367 820 2447; baseline 0.004 -22"><span class='ocrx_word' id='word_1_115' title='bbox 107 2367 248 2446; x_wconf 79' lang='lat' dir='ltr'><strong>Quisquis</strong></span> <span class='ocrx_word' id='word_1_116' title='bbox 267 2367 402 2428; x_wconf 81' lang='lat' dir='ltr'><strong>stolaeve</strong></span> <span class='ocrx_word' id='word_1_117' title='bbox 417 2386 609 2447; x_wconf 82' lang='lat' dir='ltr'><strong>purpuraeve</strong></span> <span class='ocrx_word' id='word_1_118' title='bbox 626 2375 820 2447; x_wconf 90' lang='lat' dir='ltr'><strong>contemptor</strong></span> 
     </span>
     <span class='ocr_line' id='line_1_23' title="bbox 108 2450 778 2531; baseline 0.001 -22"><span class='ocrx_word' id='word_1_119' title='bbox 108 2450 186 2525; x_wconf 79' lang='lat' dir='ltr'><strong>Quos</strong></span> <span class='ocrx_word' id='word_1_120' title='bbox 202 2450 307 2511; x_wconf 88' lang='lat' dir='ltr'><strong>colere</strong></span> <span class='ocrx_word' id='word_1_121' title='bbox 326 2450 436 2528; x_wconf 87' lang='lat' dir='ltr'><strong>debet,</strong></span> <span class='ocrx_word' id='word_1_122' title='bbox 459 2450 550 2511; x_wconf 87' lang='lat' dir='ltr'><strong>laesit</strong></span> <span class='ocrx_word' id='word_1_123' title='bbox 563 2452 657 2531; x_wconf 90' lang='lat' dir='ltr'><strong>impio</strong></span> <span class='ocrx_word' id='word_1_124' title='bbox 672 2470 778 2530; x_wconf 85' lang='lat' dir='ltr'><strong>vorsu,</strong></span> 
     </span>
     <span class='ocr_line' id='line_1_24' title="bbox 105 2534 745 2615; baseline 0.002 -22"><span class='ocrx_word' id='word_1_125' title='bbox 105 2534 198 2593; x_wconf 82' lang='lat' dir='ltr'><strong>Erret</strong></span> <span class='ocrx_word' id='word_1_126' title='bbox 213 2554 270 2615; x_wconf 87' lang='lat' dir='ltr'><strong>per</strong></span> <span class='ocrx_word' id='word_1_127' title='bbox 285 2536 393 2595; x_wconf 89' lang='lat' dir='ltr'><strong>urbem</strong></span> <span class='ocrx_word' id='word_1_128' title='bbox 409 2537 511 2613; x_wconf 85' lang='lat' dir='ltr'><strong>pontia</strong></span> <span class='ocrx_word' id='word_1_129' title='bbox 526 2534 596 2595; x_wconf 83' lang='lat' dir='ltr'><strong>exul</strong></span> <span class='ocrx_word' id='word_1_130' title='bbox 612 2543 645 2595; x_wconf 89' lang='lat' dir='ltr'><strong>et</strong></span> <span class='ocrx_word' id='word_1_131' title='bbox 659 2534 745 2614; x_wconf 79' lang='grc'>11111,</span> 
     </span>
    </p>

    <p class='ocr_par' dir='ltr' id='par_1_7' title="bbox 16 2616 687 2699">
     <span class='ocr_line' id='line_1_25' title="bbox 16 2616 687 2699; baseline 0.001 -21"><span class='ocrx_word' id='word_1_132' title='bbox 16 2668 17 2687; x_wconf 37' lang='lat' dir='ltr'><strong>q</strong></span> <span class='ocrx_word' id='word_1_133' title='bbox 106 2618 248 2699; x_wconf 89' lang='lat' dir='ltr'><strong>luterqne</strong></span> <span class='ocrx_word' id='word_1_134' title='bbox 263 2638 372 2679; x_wconf 89' lang='lat' dir='ltr'><strong>raucos</strong></span> <span class='ocrx_word' id='word_1_135' title='bbox 387 2616 511 2679; x_wconf 87' lang='lat' dir='ltr'><strong>ultimus</strong></span> <span class='ocrx_word' id='word_1_136' title='bbox 526 2627 687 2697; x_wconf 77' lang='lat' dir='ltr'><strong>rogatores</strong></span> 
     </span>
    </p>

    <p class='ocr_par' dir='ltr' id='par_1_8' title="bbox 14 2699 707 2783">
     <span class='ocr_line' id='line_1_26' title="bbox 14 2699 707 2783; baseline -0.001 -21"><span class='ocrx_word' id='word_1_137' title='bbox 14 2699 15 2731; x_wconf 60' lang='lat' dir='ltr'><strong>r</strong></span> <span class='ocrx_word' id='word_1_138' title='bbox 88 2703 186 2762; x_wconf 82' lang='lat' dir='ltr'><strong>50ret</strong></span> <span class='ocrx_word' id='word_1_139' title='bbox 201 2705 322 2763; x_wconf 89' lang='lat' dir='ltr'><strong>caninas</strong></span> <span class='ocrx_word' id='word_1_140' title='bbox 338 2704 425 2783; x_wconf 88' lang='lat' dir='ltr'><strong>panis</strong></span> <span class='ocrx_word' id='word_1_141' title='bbox 440 2703 573 2783; x_wconf 87' lang='lat' dir='ltr'><strong>improbi</strong></span> <span class='ocrx_word' id='word_1_142' title='bbox 588 2704 707 2763; x_wconf 88' lang='lat' dir='ltr'><strong>buccas.</strong></span> 
     </span>
    </p>

    <p class='ocr_par' dir='ltr' id='par_1_9' title="bbox 14 2746 783 3118">
     <span class='ocr_line' id='line_1_27' title="bbox 106 2784 772 2865; baseline 0.003 -21.757"><span class='ocrx_word' id='word_1_143' title='bbox 106 2785 153 2846; x_wconf 91' lang='lat' dir='ltr'><strong>Illi</strong></span> <span class='ocrx_word' id='word_1_144' title='bbox 167 2788 339 2847; x_wconf 85' lang='lat' dir='ltr'><strong>December</strong></span> <span class='ocrx_word' id='word_1_145' title='bbox 351 2784 461 2865; x_wconf 83' lang='lat' dir='ltr'><strong>longus</strong></span> <span class='ocrx_word' id='word_1_146' title='bbox 477 2795 510 2847; x_wconf 89' lang='lat' dir='ltr'><strong>ct</strong></span> <span class='ocrx_word' id='word_1_147' title='bbox 525 2786 650 2847; x_wconf 89' lang='lat' dir='ltr'><strong>madeus</strong></span> <span class='ocrx_word' id='word_1_148' title='bbox 666 2788 772 2846; x_wconf 88' lang='lat' dir='ltr'><strong>bruma</strong></span> 
     </span>
     <span class='ocr_line' id='line_1_28' title="bbox 14 2869 783 2949; baseline 0.003 -19"><span class='ocrx_word' id='word_1_149' title='bbox 14 2869 15 2880; x_wconf 72' lang='grc'>’</span> <span class='ocrx_word' id='word_1_150' title='bbox 106 2870 276 2949; x_wconf 80' lang='lat' dir='ltr'><strong>Clususque</strong></span> <span class='ocrx_word' id='word_1_151' title='bbox 289 2871 391 2930; x_wconf 80' lang='lat' dir='ltr'><strong>fornix</strong></span> <span class='ocrx_word' id='word_1_152' title='bbox 410 2872 499 2931; x_wconf 89' lang='lat' dir='ltr'><strong>triste</strong></span> <span class='ocrx_word' id='word_1_153' title='bbox 514 2871 613 2948; x_wconf 81' lang='lat' dir='ltr'><strong>frigus</strong></span> <span class='ocrx_word' id='word_1_154' title='bbox 627 2870 783 2932; x_wconf 83' lang='lat' dir='ltr'><strong>extendat.</strong></span> 
     </span>
     <span class='ocr_line' id='line_1_29' title="bbox 105 2954 681 3034; baseline -0.002 -20"><span class='ocrx_word' id='word_1_155' title='bbox 105 2954 205 3015; x_wconf 85' lang='lat' dir='ltr'><strong>Vocet</strong></span> <span class='ocrx_word' id='word_1_156' title='bbox 219 2958 327 3016; x_wconf 90' lang='lat' dir='ltr'><strong>beatos</strong></span> <span class='ocrx_word' id='word_1_157' title='bbox 342 2956 540 3034; x_wconf 86' lang='lat' dir='ltr'><strong>clamitetque</strong></span> <span class='ocrx_word' id='word_1_158' title='bbox 553 2954 681 3032; x_wconf 84' lang='grc'>1111111,</span> 
     </span>
     <span class='ocr_line' id='line_1_30' title="bbox 107 3036 688 3118; baseline 0.01 -22"><span class='ocrx_word' id='word_1_159' title='bbox 107 3040 268 3099; x_wconf 78' lang='lat' dir='ltr'><strong>Orciniana</strong></span> <span class='ocrx_word' id='word_1_160' title='bbox 285 3040 336 3117; x_wconf 90' lang='lat' dir='ltr'><strong>qui</strong></span> <span class='ocrx_word' id='word_1_161' title='bbox 351 3040 494 3099; x_wconf 86' lang='lat' dir='ltr'><strong>feruntur</strong></span> <span class='ocrx_word' id='word_1_162' title='bbox 508 3042 541 3099; x_wconf 93' lang='lat' dir='ltr'><strong>in</strong></span> <span class='ocrx_word' id='word_1_163' title='bbox 560 3036 688 3118; x_wconf 86' lang='lat' dir='ltr'><strong>sponda.</strong></span> 
     </span>
    </p>

    <p class='ocr_par' dir='ltr' id='par_1_10' title="bbox 71 3124 735 3204">
     <span class='ocr_line' id='line_1_31' title="bbox 71 3124 735 3204; baseline 0.002 -24"><span class='ocrx_word' id='word_1_164' title='bbox 71 3124 145 3181; x_wconf 77' lang='grc'>10111</span> <span class='ocrx_word' id='word_1_165' title='bbox 159 3143 225 3183; x_wconf 89' lang='lat' dir='ltr'><strong>cnm</strong></span> <span class='ocrx_word' id='word_1_166' title='bbox 240 3142 401 3204; x_wconf 84' lang='lat' dir='ltr'><strong>supremae</strong></span> <span class='ocrx_word' id='word_1_167' title='bbox 415 3124 467 3183; x_wconf 88' lang='lat' dir='ltr'><strong>fila</strong></span> <span class='ocrx_word' id='word_1_168' title='bbox 481 3125 625 3183; x_wconf 80' lang='lat' dir='ltr'><strong>venerint</strong></span> <span class='ocrx_word' id='word_1_169' title='bbox 639 3124 735 3182; x_wconf 87' lang='lat' dir='ltr'><strong>horae</strong></span> 
     </span>
    </p>

    <p class='ocr_par' dir='ltr' id='par_1_11' title="bbox 107 3203 737 3287">
     <span class='ocr_line' id='line_1_32' title="bbox 107 3203 737 3287; baseline 0.002 -23"><span class='ocrx_word' id='word_1_170' title='bbox 107 3206 237 3287; x_wconf 85' lang='lat' dir='ltr'><strong>lliesqac</strong></span> <span class='ocrx_word' id='word_1_171' title='bbox 254 3205 376 3283; x_wconf 77' lang='lat' dir='ltr'><strong>tardus,</strong></span> <span class='ocrx_word' id='word_1_172' title='bbox 398 3209 512 3268; x_wconf 87' lang='lat' dir='ltr'><strong>sentiat</strong></span> <span class='ocrx_word' id='word_1_173' title='bbox 527 3227 635 3267; x_wconf 90' lang='lat' dir='ltr'><strong>canum</strong></span> <span class='ocrx_word' id='word_1_174' title='bbox 648 3203 737 3265; x_wconf 89' lang='lat' dir='ltr'><strong>litem</strong></span> 
     </span>
    </p>

    <p class='ocr_par' dir='ltr' id='par_1_12' title="bbox 14 3290 752 3455">
     <span class='ocr_line' id='line_1_33' title="bbox 14 3290 718 3371; baseline 0.001 -23"><span class='ocrx_word' id='word_1_175' title='bbox 14 3324 15 3331; x_wconf 26' lang='grc' dir='ltr'><strong>κ</strong></span> <span class='ocrx_word' id='word_1_176' title='bbox 105 3290 274 3370; x_wconf 79' lang='lat' dir='ltr'><strong>Abigatque</strong></span> <span class='ocrx_word' id='word_1_177' title='bbox 292 3298 376 3352; x_wconf 93' lang='lat' dir='ltr'><strong>moto</strong></span> <span class='ocrx_word' id='word_1_178' title='bbox 394 3293 498 3352; x_wconf 82' lang='lat' dir='ltr'><strong>noxias</strong></span> <span class='ocrx_word' id='word_1_179' title='bbox 515 3312 584 3353; x_wconf 86' lang='lat' dir='ltr'><strong>aves</strong></span> <span class='ocrx_word' id='word_1_180' title='bbox 599 3310 718 3371; x_wconf 80' lang='lat' dir='ltr'><strong>pauu03</strong></span> 
     </span>
     <span class='ocr_line' id='line_1_34' title="bbox 105 3372 752 3455; baseline 0.002 -23"><span class='ocrx_word' id='word_1_181' title='bbox 105 3372 168 3433; x_wconf 88' lang='lat' dir='ltr'><strong>Nec</strong></span> <span class='ocrx_word' id='word_1_182' title='bbox 180 3376 326 3435; x_wconf 86' lang='lat' dir='ltr'><strong>finiantur</strong></span> <span class='ocrx_word' id='word_1_183' title='bbox 341 3382 441 3436; x_wconf 86' lang='lat' dir='ltr'><strong>morte</strong></span> <span class='ocrx_word' id='word_1_184' title='bbox 457 3375 604 3455; x_wconf 88' lang='lat' dir='ltr'><strong>supplicis</strong></span> <span class='ocrx_word' id='word_1_185' title='bbox 619 3393 752 3454; x_wconf 78' lang='lat' dir='ltr'><strong>poenae,</strong></span> 
     </span>
    </p>

    <p class='ocr_par' dir='ltr' id='par_1_13' title="bbox 72 3456 749 3706">
     <span class='ocr_line' id='line_1_35' title="bbox 107 3456 721 3533; baseline 0.002 -18"><span class='ocrx_word' id='word_1_186' title='bbox 107 3456 166 3516; x_wconf 88' lang='lat' dir='ltr'><strong>Sed</strong></span> <span class='ocrx_word' id='word_1_187' title='bbox 179 3458 268 3519; x_wconf 92' lang='lat' dir='ltr'><strong>modo</strong></span> <span class='ocrx_word' id='word_1_188' title='bbox 284 3459 386 3518; x_wconf 76' lang='lat' dir='ltr'><strong>severi</strong></span> <span class='ocrx_word' id='word_1_189' title='bbox 401 3467 504 3519; x_wconf 87' lang='lat' dir='ltr'><strong>sectus</strong></span> <span class='ocrx_word' id='word_1_190' title='bbox 518 3460 613 3519; x_wconf 82' lang='lat' dir='ltr'><strong>Aeaci</strong></span> <span class='ocrx_word' id='word_1_191' title='bbox 629 3456 721 3533; x_wconf 80' lang='lat' dir='ltr'><strong>loris,</strong></span> 
     </span>
     <span class='ocr_line' id='line_1_36' title="bbox 72 3540 749 3631; baseline 0 -32"><span class='ocrx_word' id='word_1_192' title='bbox 72 3540 186 3603; x_wconf 68' lang='lat' dir='ltr'><strong>loliano</strong></span> <span class='ocrx_word' id='word_1_193' title='bbox 200 3544 333 3621; x_wconf 90' lang='lat' dir='ltr'><strong>inquieti</strong></span> <span class='ocrx_word' id='word_1_194' title='bbox 347 3550 451 3603; x_wconf 88' lang='lat' dir='ltr'><strong>monte</strong></span> <span class='ocrx_word' id='word_1_195' title='bbox 466 3543 590 3623; x_wconf 75' lang='lat' dir='ltr'><strong>Sisyphi</strong></span> <span class='ocrx_word' id='word_1_196' title='bbox 605 3559 749 3631; x_wconf 56' lang='lat' dir='ltr'><strong>pressus-q</strong></span> 
     </span>
     <span class='ocr_line' id='line_1_37' title="bbox 107 3624 741 3706; baseline 0.003 -24"><span class='ocrx_word' id='word_1_197' title='bbox 107 3624 187 3685; x_wconf 82' lang='lat' dir='ltr'><strong>Nune</strong></span> <span class='ocrx_word' id='word_1_198' title='bbox 201 3629 284 3687; x_wconf 87' lang='lat' dir='ltr'><strong>inter</strong></span> <span class='ocrx_word' id='word_1_199' title='bbox 299 3626 396 3687; x_wconf 89' lang='lat' dir='ltr'><strong>undas</strong></span> <span class='ocrx_word' id='word_1_200' title='bbox 414 3626 531 3706; x_wconf 83' lang='lat' dir='ltr'><strong>garruli</strong></span> <span class='ocrx_word' id='word_1_201' title='bbox 546 3627 628 3687; x_wconf 88' lang='lat' dir='ltr'><strong>senis</strong></span> <span class='ocrx_word' id='word_1_202' title='bbox 644 3626 741 3685; x_wconf 88' lang='lat' dir='ltr'><strong>siccas</strong></span> 
     </span>
    </p>
   </div>
   <div class='ocr_carea' id='block_1_7' title="bbox 783 3701 854 3775">
    <p class='ocr_par' dir='ltr' id='par_1_14' title="bbox 783 3701 854 3775">
     <span class='ocr_line' id='line_1_38' title="bbox 783 3701 854 3775; baseline 0.014 -13"><span class='ocrx_word' id='word_1_203' title='bbox 783 3701 854 3775; x_wconf 60' lang='lat'><strong>15!</strong></span> 
     </span>
    </p>
   </div>
   <div class='ocr_carea' id='block_1_8' title="bbox 0 0 1226 4209">
    <p class='ocr_par' dir='ltr' id='par_1_15' title="bbox 0 0 1226 4209">
     <span class='ocr_line' id='line_1_39' title="bbox 0 0 1226 4209; baseline 0 0"><span class='ocrx_word' id='word_1_204' title='bbox 0 0 1226 4209; x_wconf 95' lang='lat' dir='ltr'><strong> </strong></span> 
     </span>
    </p>
   </div>
  </div>
 </body>
</html>
