2442 4209
171 360 235 427 242
495 360 540 422 M.
559 360 649 423 vni..
665 358 892 421 MAIITIALIS

300 513 418 573 Tristia
432 530 592 572 servorum
606 513 749 591 allgmata
763 511 851 572 delet
864 512 961 587 Eros3

256 596 511 659 Enterocelarum
527 596 630 657 iertur
643 596 818 657 Podalirius
832 596 981 656 Hermes:

301 682 360 759 Qui
375 688 463 741 sanet
479 687 587 763 ruptos
604 680 654 741 dic
667 681 760 758 mihi,
781 678 889 758 Galle,
910 681 978 759 quis
993 679 1058 740 esti

648 814 737 878 LVII.

257 915 388 991 Argenti
402 913 514 975 libram
529 917 693 989 mlttebos;
714 916 797 976 lacta
811 914 928 994 selibra
943 922 1007 993 est,
1098 886 1104 903 ι

298 996 362 1057 Sed
375 1000 502 1080 piperis.
533 1000 628 1061 'l‘anti
643 1019 705 1061 nou
721 1018 808 1078 emo,
825 999 937 1078 Sexte,
958 1000 1054 1080 piper.

641 1133 745 1195 LVIII.

256 1229 389 1289 Anxuris
405 1230 552 1309 aequorei
566 1227 722 1311 placidos,
742 1229 914 1307 Frontina,
935 1228 1072 1291 recessus

296 1313 338 1373 ut
351 1315 479 1393 propius
493 1314 581 1373 lisias
595 1312 801 1392 litoreamque
816 1308 956 1392 domurn,

254 1396 296 1457 Et
312 1396 394 1475 quod
408 1397 591 1458 Inhumanue
607 1418 717 1457 canoro
733 1398 875 1458 fervente
893 1397 1015 1457 cicadae

297 1480 365 1539 Non
381 1500 495 1541 novere
510 1500 634 1560 nemus,
657 1483 880 1561 flumineosque
894 1481 979 1541 lacus

234 1565 334 1625 olium
351 1563 449 1643 colui,
471 1563 578 1626 doctas
593 1572 694 1627 tecum
710 1564 872 1626 celebrare
885 1568 1011 1626 vacabat

296 1647 454 1727 Pieridas,
475 1668 556 1709 nuuc
571 1669 628 1710 uos
644 1652 771 1710 maxims
786 1650 882 1709 Roma
896 1652 981 1711 terit.

255 1732 315 1792 Ille
330 1733 405 1792 mihi
421 1733 541 1813 quando
557 1732 625 1794 dies
638 1753 725 1794 mens
739 1734 811 1793 est?
831 1736 980 1794 iactamur
996 1731 1100 1794 inulto

297 1817 392 1877 Urbis
407 1818 486 1877 etio
504 1816 605 1877 sterili
621 1819 681 1878 vita
695 1817 804 1890 labore
819 1819 920 1899 perit,

255 1900 337 1960 Iluro
353 1903 518 1961 suburbani
534 1901 605 1961 dum
620 1903 727 1980 iugera
740 1904 892 1982 pascimus
908 1904 974 1981 agri

215 1995 247 2047 10
296 1983 485 2065 Vicinosque
499 1986 574 2063 tibi,
596 1992 701 2045 sancte
716 1986 862 2062 Quirine,
882 1983 975 2047 lares.

255 2065 319 2127 Sed
333 2088 395 2128 uon
410 2067 493 2130 solos
508 2076 588 2129 amat
603 2071 655 2149 qui
668 2076 761 2130 noete
778 2069 891 2150 dieque
906 2071 1083 2149 frequentat

295 2151 430 2231 Limina,
451 2159 622 2214 necantem
636 2151 711 2213 talia
724 2154 834 2214 damna
849 2154 972 2218 decent.
1191 2153 1192 2156 ’

253 2234 316 2294 Per
330 2236 506 2297 veneranda
520 2238 595 2297 milri
609 2238 767 2298 Musarum
780 2258 884 2318 soora,
905 2258 963 2319 per
980 2255 1083 2299 omnes

295 2319 364 2379 Iuro
381 2320 472 2398 deos,
496 2328 528 2382 et
542 2340 603 2381 non
620 2321 776 2383 officIosus
789 2343 880 2401 amo„

652 2456 728 2516 LIX.

255 2554 441 2633 Consumpta
456 2560 505 2613 est
518 2573 579 2613 uno
595 2556 622 2614 si
637 2552 779 2615 lemmate
793 2554 921 2635 pagina,
943 2556 1054 2614 transis

294 2638 337 2698 Et
349 2638 491 2697 breviora
507 2639 581 2716 tibi,
599 2657 661 2697 non
677 2637 805 2698 meliora
818 2637 953 2718 placent.

140 2732 143 2737 '
253 2721 344 2781 llives
361 2728 393 2781 et
409 2740 446 2780 ex
463 2722 545 2781 omni
560 2723 662 2802 posita
675 2731 723 2782 est
735 2723 888 2783 iustruota
902 2720 1033 2782 macello

298 2807 382 2866 Gens
397 2806 470 2885 tibi,
493 2804 550 2865 sed
565 2812 597 2866 te
613 2811 726 2866 mattea
743 2806 808 2866 sola
821 2808 913 2865 iuvat.

230 2890 322 2951 bNou
337 2909 413 2970 opus
429 2897 479 2950 est
491 2891 581 2950 nobis
596 2892 721 2950 nimium
734 2889 857 2950 lectore
872 2889 997 2969 guloso;

295 2974 386 3034 Hunc
401 2973 488 3049 volo,
510 2993 572 3034 non
590 2975 646 3033 liat
661 2975 713 3054 qui
729 2976 796 3034 sine
810 2992 891 3055 pane
907 2981 1001 3036 satur.

658 3109 721 3170 Lx.

251 3206 320 3265 lura
340 3207 431 3266 trium
445 3207 538 3287 petiit
552 3226 569 3265 a
584 3206 716 3266 Caesare
732 3204 954 3286 disolpulorum

296 3290 446 3354 Assuetus
460 3308 584 3370 semper
599 3289 714 3350 Munna
730 3289 845 3350 dooere
860 3288 946 3350 duos.

251 3522 312 3581 llio
329 3522 474 3582 festinata
486 3424 801 3599 requiesoidffldtiou
816 3522 940 3599 umbra,

294 3605 430 3664 Crimine
447 3620 536 3683 quam
550 3605 605 3663 lati
622 3612 708 3664 sexta
721 3606 857 3691 peremlt
870 3605 979 3667 hlema.
