2442 4209
155 328 217 393 106
416 324 419 329 ’
476 324 520 387 Μ.
537 322 629 389 VAL.
645 320 875 383 MARTIALIS

626 523 733 587 LXIV.

238 642 298 719 Qui
313 648 422 701 tonsor
434 644 502 699 tota
513 638 621 697 fueras
635 637 812 698 notissimus
824 636 920 714 urhe,

278 726 321 785 Et
338 723 484 804 posthoc
500 721 642 783 dominae
658 738 786 779 munere
800 719 901 779 laetus
916 737 1027 799 eques,

239 809 376 869 Sicanias
391 809 484 867 urbes
498 806 700 883 Aetnaeaque
714 822 811 881 regua
824 805 948 883 petisti,

280 893 445 967 Cinname,
464 910 532 951 cum
547 890 674 967 lugeres
688 889 792 947 tristia
805 889 872 947 iura
886 888 957 947 fori.

215 978 306 1053 ὅρια
323 994 404 1034 nunc
418 980 485 1035 arte
500 992 608 1052 graves
623 971 772 1033 tolerabis
783 970 904 1031 iuutiIIs
916 973 1033 1032 annos?

259 1065 267 1081 '
282 1058 364 1135 Quid
375 1057 451 1119 fucit
466 1056 577 1118 infelix
591 1064 625 1117 et
636 1056 764 1134 fugitiva
779 1056 889 1133 quiesi

239 1144 309 1204 Nou
323 1143 449 1220 rhetor,
471 1161 534 1202 non
548 1141 763 1220 grammaticus
777 1135 883 1199 ludive
899 1140 1062 1218 magister,
1189 1159 1190 1196 3

280 1227 350 1288 Nou
364 1226 515 1307 Cynicus,
536 1244 599 1285 non
613 1230 648 1284 tu
662 1223 785 1283 Stoicus
800 1242 870 1283 esse
884 1229 990 1305 potes,

239 1310 388 1375 Vendere
402 1328 461 1369 nec
474 1328 581 1370 vocem
596 1306 711 1367 Siculis
725 1305 927 1387 plausumque
944 1307 1084 1368 theatris.

199 1407 232 1459 lo
280 1391 371 1471 Quod
385 1400 544 1475 superest,
564 1394 697 1469 iterum,
719 1390 884 1470 ciuname,
906 1398 1013 1452 tonsor
1027 1392 1093 1453 eris.

629 1525 723 1588 LXV.

236 1641 291 1701 Lis
306 1643 339 1699 te
356 1638 405 1697 hIs
421 1636 559 1697 decimae
573 1644 786 1699 numerantem
801 1638 919 1717 frigora
933 1639 1056 1697 brumae

281 1712 427 1784 conterit
444 1740 504 1780 nna
518 1722 636 1799 tribus,
658 1721 852 1801 Gargilium,
874 1722 961 1782 foris.

238 1808 288 1869 Ah
301 1807 396 1866 miser
411 1811 444 1865 et
458 1804 601 1866 demens·
623 1806 733 1884 vigInti
747 1804 851 1884 litigat
866 1806 953 1865 annis

281 1891 465 1969 Quisquam,
488 1890 537 1949 eui
552 1890 651 1967 vinei,
674 1888 870 1969 GargiIiane,
891 1887 990 1949 licet?

625 2037 733 2099 LXVI.

210 2122 215 2131 .
237 2134 399 2213 Heredem
411 2151 525 2212 Fabius
539 2151 709 2213 Labienum
724 2169 763 2211 cr
776 2168 844 2212 asse
862 2136 1005 2230 reliquit:

280 2233 356 2295 Plus
371 2234 522 2296 meruisse
536 2240 640 2297 tannen
655 2255 689 2295 se
703 2235 857 2300 Labienus
873 2235 924 2297 alt.

618 2370 738 2433 LXVII.

237 2480 387 2543 Paedicat
399 2500 514 2561 pucros
528 2483 626 2542 tribas
641 2480 800 2541 Philaenis

237 2566 281 2628 Et
294 2567 448 2645 tentlgine
463 2567 584 2626 saevior
597 2566 701 2625 mariti

238 2648 387 2711 Undenas
400 2655 489 2709 vorat
501 2650 534 2709 in
549 2648 600 2710 dle
612 2647 742 2728 puellas.

237 2734 392 2814 Harpasto
408 2751 531 2812 quoque
544 2731 697 2811 subligata
707 2731 789 2793 ludit

217 2818 563 2897 enthousiasme,
581 2834 750 2896 gravesque
765 2815 888 2876 draucis

239 2900 386 2962 Halteras
403 2899 488 2961 lucili
505 2908 588 2962 rotat
602 2900 738 2977 lacerto,

239 2986 283 3047 Et
296 2988 381 3065 putri
395 2983 549 3045 lutulenta
564 2984 603 3044 de
615 2983 772 3065 palaestra

239 3070 335 3130 Uncti
349 3070 481 3130 verbere
495 3067 618 3149 vapulat
632 3069 787 3146 magistri:

238 3152 304 3213 Nec
319 3160 410 3213 cenat
424 3156 510 3234 prIus
526 3159 578 3213 ant
593 3153 747 3212 recumbit
761 3155 847 3229 ante,

198 3249 232 3301 10
238 3237 333 3312 Quam
347 3244 466 3318 septem
480 3238 596 3298 vomuit
608 3255 711 3297 meros
730 3234 884 3307 deunees3

239 3319 289 3381 Ad
303 3342 379 3399 quos
394 3323 440 3382 lus
457 3322 517 3381 sibi
531 3328 605 3382 tunc
619 3325 708 3401 putat
721 3318 855 3397 reverti,

239 3405 317 3465 Onm
331 3404 464 3485 colehia
478 3403 613 3466 sedecim
629 3402 772 3465 eomedit.

237 3488 315 3549 Post
328 3489 406 3548 haec
421 3489 522 3548 omnia
537 3506 606 3548 cum
618 3487 816 3564 libidinatur,

238 3572 307 3632 Non
320 3570 412 3633 fellat
424 3606 467 3656 ··.·
479 3577 569 3652 putat
583 3574 643 3632 hoc
655 3591 764 3653 parum
777 3568 869 3633 virile
887 3602 944 3650 -,

1189 1459 1191 1526 l

1189 1604 1191 1644 ι

1189 1755 1191 1814 l

1084 1974 1086 1976 ’
1189 1967 1191 2024 l
