<?xml version="1.0" encoding="UTF-8"?>
<!DOCTYPE html PUBLIC "-//W3C//DTD XHTML 1.0 Transitional//EN"
    "http://www.w3.org/TR/xhtml1/DTD/xhtml1-transitional.dtd">
<html xmlns="http://www.w3.org/1999/xhtml" xml:lang="en" lang="en">
 <head>
  <title>
</title>
<meta http-equiv="Content-Type" content="text/html;charset=utf-8" />
  <meta name='ocr-system' content='tesseract 3.04.00' />
  <meta name='ocr-capabilities' content='ocr_page ocr_carea ocr_par ocr_line ocrx_word'/>
</head>
<body>
  <div class='ocr_page' id='page_1' title='image "./mvalmartialisep02martgoog_0160.png"; bbox 0 0 2442 4209; ppageno 0'>
   <div class='ocr_carea' id='block_1_1' title="bbox 497 338 897 402">
    <p class='ocr_par' dir='ltr' id='par_1_1' title="bbox 497 338 897 402">
     <span class='ocr_line' id='line_1_1' title="bbox 497 338 897 402; baseline 0.005 -2"><span class='ocrx_word' id='word_1_1' title='bbox 497 339 541 402; x_wconf 89' lang='grc' dir='ltr'><strong>Μ.</strong></span> <span class='ocrx_word' id='word_1_2' title='bbox 557 338 659 401; x_wconf 76' lang='lat' dir='ltr'><strong>VAL:</strong></span> <span class='ocrx_word' id='word_1_3' title='bbox 667 338 897 402; x_wconf 70' lang='lat' dir='ltr'><strong>Marinianis</strong></span> 
     </span>
    </p>
   </div>
   <div class='ocr_carea' id='block_1_2' title="bbox 658 543 724 606">
    <p class='ocr_par' dir='ltr' id='par_1_2' title="bbox 658 543 724 606">
     <span class='ocr_line' id='line_1_2' title="bbox 658 543 724 606; baseline 0.03 -2"><span class='ocrx_word' id='word_1_4' title='bbox 658 543 724 606; x_wconf 86' lang='lat' dir='ltr'><strong>LV.</strong></span> 
     </span>
    </p>
   </div>
   <div class='ocr_carea' id='block_1_3' title="bbox 228 655 861 1074">
    <p class='ocr_par' dir='ltr' id='par_1_3' title="bbox 228 655 861 1074">
     <span class='ocr_line' id='line_1_3' title="bbox 252 655 860 738; baseline 0.002 -22"><span class='ocrx_word' id='word_1_5' title='bbox 252 655 342 732; x_wconf 77' lang='lat' dir='ltr'><strong>Quod</strong></span> <span class='ocrx_word' id='word_1_6' title='bbox 357 675 481 738; x_wconf 86' lang='lat' dir='ltr'><strong>semper</strong></span> <span class='ocrx_word' id='word_1_7' title='bbox 497 658 641 737; x_wconf 84' lang='lat' dir='ltr'><strong>casiaque</strong></span> <span class='ocrx_word' id='word_1_8' title='bbox 655 657 860 737; x_wconf 83' lang='lat' dir='ltr'><strong>cinnamoque</strong></span> 
     </span>
     <span class='ocr_line' id='line_1_4' title="bbox 250 740 753 821; baseline 0 -20"><span class='ocrx_word' id='word_1_9' title='bbox 250 741 293 801; x_wconf 79' lang='lat' dir='ltr'><strong>Ilt</strong></span> <span class='ocrx_word' id='word_1_10' title='bbox 306 740 380 801; x_wconf 85' lang='lat' dir='ltr'><strong>nido</strong></span> <span class='ocrx_word' id='word_1_11' title='bbox 395 743 486 820; x_wconf 80' lang='lat' dir='ltr'><strong>niger</strong></span> <span class='ocrx_word' id='word_1_12' title='bbox 500 740 582 803; x_wconf 86' lang='lat' dir='ltr'><strong>alltis</strong></span> <span class='ocrx_word' id='word_1_13' title='bbox 600 741 753 821; x_wconf 89' lang='lat' dir='ltr'><strong>superbae</strong></span> 
     </span>
     <span class='ocr_line' id='line_1_5' title="bbox 249 824 772 906; baseline 0.006 -22"><span class='ocrx_word' id='word_1_14' title='bbox 249 824 383 904; x_wconf 79' lang='lat' dir='ltr'><strong>Fragras</strong></span> <span class='ocrx_word' id='word_1_15' title='bbox 396 824 543 906; x_wconf 84' lang='lat' dir='ltr'><strong>plumbea</strong></span> <span class='ocrx_word' id='word_1_16' title='bbox 556 825 772 903; x_wconf 80' lang='lat' dir='ltr'><strong>Nicerotiana,</strong></span> 
     </span>
     <span class='ocr_line' id='line_1_6' title="bbox 252 907 848 988; baseline 0 -20"><span class='ocrx_word' id='word_1_17' title='bbox 252 907 348 970; x_wconf 82' lang='lat' dir='ltr'><strong>Rides</strong></span> <span class='ocrx_word' id='word_1_18' title='bbox 362 929 437 988; x_wconf 91' lang='lat' dir='ltr'><strong>nos,</strong></span> <span class='ocrx_word' id='word_1_19' title='bbox 458 910 628 987; x_wconf 75' lang='lat' dir='ltr'><strong>Coraciue,</strong></span> <span class='ocrx_word' id='word_1_20' title='bbox 649 907 695 968; x_wconf 91' lang='lat' dir='ltr'><strong>nil</strong></span> <span class='ocrx_word' id='word_1_21' title='bbox 709 907 848 969; x_wconf 80' lang='lat' dir='ltr'><strong>olentes:</strong></span> 
     </span>
     <span class='ocr_line' id='line_1_7' title="bbox 228 989 861 1074; baseline -0.003 -20"><span class='ocrx_word' id='word_1_22' title='bbox 228 989 352 1072; x_wconf 83' lang='lat' dir='ltr'><strong>5Malo,</strong></span> <span class='ocrx_word' id='word_1_23' title='bbox 374 1014 463 1074; x_wconf 89' lang='lat' dir='ltr'><strong>quam</strong></span> <span class='ocrx_word' id='word_1_24' title='bbox 480 996 561 1054; x_wconf 88' lang='lat' dir='ltr'><strong>bene</strong></span> <span class='ocrx_word' id='word_1_25' title='bbox 578 992 684 1070; x_wconf 88' lang='lat' dir='ltr'><strong>olere,</strong></span> <span class='ocrx_word' id='word_1_26' title='bbox 704 991 751 1052; x_wconf 88' lang='lat' dir='ltr'><strong>nil</strong></span> <span class='ocrx_word' id='word_1_27' title='bbox 765 992 861 1053; x_wconf 86' lang='lat' dir='ltr'><strong>olere.</strong></span> 
     </span>
    </p>
   </div>
   <div class='ocr_carea' id='block_1_4' title="bbox 654 1105 784 1191">
    <p class='ocr_par' dir='ltr' id='par_1_4' title="bbox 654 1105 784 1191">
     <span class='ocr_line' id='line_1_8' title="bbox 654 1105 784 1191; baseline 0.008 -2"><span class='ocrx_word' id='word_1_28' title='bbox 654 1127 733 1191; x_wconf 80' lang='lat' dir='ltr'><strong>nvn</strong></span> <span class='ocrx_word' id='word_1_29' title='bbox 779 1105 784 1115; x_wconf 85' lang='grc'>’</span> 
     </span>
    </p>
   </div>
   <div class='ocr_carea' id='block_1_5' title="bbox 199 1239 1137 1743">
    <p class='ocr_par' dir='ltr' id='par_1_5' title="bbox 199 1239 1137 1743">
     <span class='ocr_line' id='line_1_9' title="bbox 254 1239 1036 1321; baseline 0.003 -22"><span class='ocrx_word' id='word_1_30' title='bbox 254 1239 344 1317; x_wconf 78' lang='lat' dir='ltr'><strong>Quod</strong></span> <span class='ocrx_word' id='word_1_31' title='bbox 360 1241 418 1299; x_wconf 92' lang='lat' dir='ltr'><strong>tibi</strong></span> <span class='ocrx_word' id='word_1_32' title='bbox 430 1258 521 1300; x_wconf 84' lang='lat' dir='ltr'><strong>crura</strong></span> <span class='ocrx_word' id='word_1_33' title='bbox 533 1240 640 1319; x_wconf 77' lang='lat' dir='ltr'><strong>rigent</strong></span> <span class='ocrx_word' id='word_1_34' title='bbox 656 1241 732 1301; x_wconf 86' lang='lat' dir='ltr'><strong>setis</strong></span> <span class='ocrx_word' id='word_1_35' title='bbox 747 1247 780 1300; x_wconf 86' lang='lat' dir='ltr'><strong>et</strong></span> <span class='ocrx_word' id='word_1_36' title='bbox 793 1246 922 1321; x_wconf 78' lang='lat' dir='ltr'><strong>pectora</strong></span> <span class='ocrx_word' id='word_1_37' title='bbox 936 1239 1036 1317; x_wconf 83' lang='lat' dir='ltr'><strong>villis,</strong></span> 
     </span>
     <span class='ocr_line' id='line_1_10' title="bbox 295 1323 1028 1405; baseline -0.003 -20"><span class='ocrx_word' id='word_1_38' title='bbox 295 1323 401 1386; x_wconf 89' lang='lat' dir='ltr'><strong>Verba</strong></span> <span class='ocrx_word' id='word_1_39' title='bbox 414 1330 506 1405; x_wconf 83' lang='lat' dir='ltr'><strong>putas</strong></span> <span class='ocrx_word' id='word_1_40' title='bbox 517 1324 618 1384; x_wconf 83' lang='lat' dir='ltr'><strong>famae</strong></span> <span class='ocrx_word' id='word_1_41' title='bbox 630 1330 681 1400; x_wconf 86' lang='lat' dir='ltr'><strong>te,</strong></span> <span class='ocrx_word' id='word_1_42' title='bbox 703 1323 906 1402; x_wconf 69' lang='lat' dir='ltr'><strong>cunr-taleme,</strong></span> <span class='ocrx_word' id='word_1_43' title='bbox 928 1324 1028 1385; x_wconf 77' lang='lat' dir='ltr'><strong>dare?</strong></span> 
     </span>
     <span class='ocr_line' id='line_1_11' title="bbox 252 1407 1014 1489; baseline -0.004 -17"><span class='ocrx_word' id='word_1_44' title='bbox 252 1409 396 1489; x_wconf 82' lang='lat' dir='ltr'><strong>Extirpa,</strong></span> <span class='ocrx_word' id='word_1_45' title='bbox 419 1408 622 1487; x_wconf 86' lang='lat' dir='ltr'><strong>mihicrede,</strong></span> <span class='ocrx_word' id='word_1_46' title='bbox 643 1407 725 1489; x_wconf 85' lang='lat' dir='ltr'><strong>pilos</strong></span> <span class='ocrx_word' id='word_1_47' title='bbox 740 1407 781 1468; x_wconf 85' lang='lat' dir='ltr'><strong>de</strong></span> <span class='ocrx_word' id='word_1_48' title='bbox 798 1427 931 1488; x_wconf 91' lang='lat' dir='ltr'><strong>corpore</strong></span> <span class='ocrx_word' id='word_1_49' title='bbox 947 1415 1014 1469; x_wconf 90' lang='lat' dir='ltr'><strong>toto</strong></span> 
     </span>
     <span class='ocr_line' id='line_1_12' title="bbox 296 1490 903 1574; baseline 0.003 -22"><span class='ocrx_word' id='word_1_50' title='bbox 296 1492 406 1570; x_wconf 85' lang='lat' dir='ltr'><strong>Teque</strong></span> <span class='ocrx_word' id='word_1_51' title='bbox 420 1490 522 1574; x_wconf 83' lang='lat' dir='ltr'><strong>pilare</strong></span> <span class='ocrx_word' id='word_1_52' title='bbox 536 1500 605 1553; x_wconf 85' lang='lat' dir='ltr'><strong>tuas</strong></span> <span class='ocrx_word' id='word_1_53' title='bbox 619 1494 790 1553; x_wconf 80' lang='lat' dir='ltr'><strong>testificare</strong></span> <span class='ocrx_word' id='word_1_54' title='bbox 804 1499 903 1555; x_wconf 86' lang='lat' dir='ltr'><strong>nates.</strong></span> 
     </span>
     <span class='ocr_line' id='line_1_13' title="bbox 199 1574 1137 1657; baseline -0.002 -18"><span class='ocrx_word' id='word_1_55' title='bbox 199 1647 203 1655; x_wconf 51' lang='lat'><strong><em>‚</em></strong></span> <span class='ocrx_word' id='word_1_56' title='bbox 233 1578 364 1655; x_wconf 78' lang='lat' dir='ltr'><strong>5,‚Quac</strong></span> <span class='ocrx_word' id='word_1_57' title='bbox 378 1580 459 1637; x_wconf 88' lang='lat' dir='ltr'><strong>ratio</strong></span> <span class='ocrx_word' id='word_1_58' title='bbox 474 1578 566 1638; x_wconf 74' lang='lat' dir='ltr'><strong>esti“</strong></span> <span class='ocrx_word' id='word_1_59' title='bbox 580 1578 700 1657; x_wconf 89' lang='lat' dir='ltr'><strong>inquis;</strong></span> <span class='ocrx_word' id='word_1_60' title='bbox 721 1578 782 1637; x_wconf 86' lang='lat' dir='ltr'><strong>scis</strong></span> <span class='ocrx_word' id='word_1_61' title='bbox 797 1575 908 1637; x_wconf 79' lang='lat' dir='ltr'><strong>multos</strong></span> <span class='ocrx_word' id='word_1_62' title='bbox 924 1575 1033 1637; x_wconf 79' lang='lat' dir='ltr'><strong>dicere</strong></span> <span class='ocrx_word' id='word_1_63' title='bbox 1047 1574 1137 1637; x_wconf 86' lang='lat' dir='ltr'><strong>multa</strong></span> 
     </span>
     <span class='ocr_line' id='line_1_14' title="bbox 293 1660 957 1743; baseline 0.002 -22"><span class='ocrx_word' id='word_1_64' title='bbox 293 1660 357 1721; x_wconf 84' lang='lat' dir='ltr'><strong>Fac</strong></span> <span class='ocrx_word' id='word_1_65' title='bbox 371 1660 591 1742; x_wconf 85' lang='lat' dir='ltr'><strong>paedicarite,</strong></span> <span class='ocrx_word' id='word_1_66' title='bbox 615 1661 817 1741; x_wconf 83' lang='lat' dir='ltr'><strong>Charideme,</strong></span> <span class='ocrx_word' id='word_1_67' title='bbox 837 1668 957 1743; x_wconf 87' lang='lat' dir='ltr'><strong>putent.</strong></span> 
     </span>
    </p>
   </div>
   <div class='ocr_carea' id='block_1_6' title="bbox 647 1796 740 1859">
    <p class='ocr_par' dir='ltr' id='par_1_6' title="bbox 647 1796 740 1859">
     <span class='ocr_line' id='line_1_15' title="bbox 647 1796 740 1859; baseline 0.022 -2"><span class='ocrx_word' id='word_1_68' title='bbox 647 1796 740 1859; x_wconf 90' lang='lat' dir='ltr'><strong>LVll.</strong></span> 
     </span>
    </p>
   </div>
   <div class='ocr_carea' id='block_1_7' title="bbox 253 1906 1073 2245">
    <p class='ocr_par' dir='ltr' id='par_1_7' title="bbox 253 1906 1073 2074">
     <span class='ocr_line' id='line_1_16' title="bbox 253 1906 1073 1989; baseline -0.001 -20"><span class='ocrx_word' id='word_1_69' title='bbox 253 1910 400 1971; x_wconf 82' lang='lat' dir='ltr'><strong>Mentiris</strong></span> <span class='ocrx_word' id='word_1_70' title='bbox 415 1910 505 1970; x_wconf 85' lang='lat' dir='ltr'><strong>llutos</strong></span> <span class='ocrx_word' id='word_1_71' title='bbox 522 1919 694 1989; x_wconf 80' lang='lat' dir='ltr'><strong>unguento,</strong></span> <span class='ocrx_word' id='word_1_72' title='bbox 715 1910 861 1987; x_wconf 84' lang='lat' dir='ltr'><strong>Phoebe,</strong></span> <span class='ocrx_word' id='word_1_73' title='bbox 883 1906 1014 1989; x_wconf 78' lang='lat' dir='ltr'><strong>capillos</strong></span> <span class='ocrx_word' id='word_1_74' title='bbox 1071 1965 1073 1968; x_wconf 83' lang='grc'><strong>,</strong></span> 
     </span>
     <span class='ocr_line' id='line_1_17' title="bbox 296 1991 934 2074; baseline 0 -21"><span class='ocrx_word' id='word_1_75' title='bbox 296 1995 338 2054; x_wconf 77' lang='lat' dir='ltr'><strong>Et</strong></span> <span class='ocrx_word' id='word_1_76' title='bbox 351 1996 468 2073; x_wconf 82' lang='lat' dir='ltr'><strong>tegitur</strong></span> <span class='ocrx_word' id='word_1_77' title='bbox 481 1994 575 2074; x_wconf 83' lang='lat' dir='ltr'><strong>pletis</strong></span> <span class='ocrx_word' id='word_1_78' title='bbox 590 1994 716 2058; x_wconf 85' lang='lat' dir='ltr'><strong>sordida</strong></span> <span class='ocrx_word' id='word_1_79' title='bbox 730 1991 815 2054; x_wconf 84' lang='lat' dir='ltr'><strong>calva</strong></span> <span class='ocrx_word' id='word_1_80' title='bbox 830 1995 934 2054; x_wconf 84' lang='lat' dir='ltr'><strong>comis.</strong></span> 
     </span>
    </p>

    <p class='ocr_par' dir='ltr' id='par_1_8' title="bbox 256 2077 1050 2245">
     <span class='ocr_line' id='line_1_18' title="bbox 256 2077 1006 2159; baseline 0.001 -23"><span class='ocrx_word' id='word_1_81' title='bbox 256 2077 428 2139; x_wconf 77' lang='lat' dir='ltr'><strong>Tonsorem</strong></span> <span class='ocrx_word' id='word_1_82' title='bbox 444 2078 539 2159; x_wconf 86' lang='lat' dir='ltr'><strong>capiti</strong></span> <span class='ocrx_word' id='word_1_83' title='bbox 551 2097 615 2138; x_wconf 92' lang='lat' dir='ltr'><strong>non</strong></span> <span class='ocrx_word' id='word_1_84' title='bbox 629 2085 678 2139; x_wconf 89' lang='lat' dir='ltr'><strong>est</strong></span> <span class='ocrx_word' id='word_1_85' title='bbox 695 2077 845 2138; x_wconf 86' lang='lat' dir='ltr'><strong>adbibere</strong></span> <span class='ocrx_word' id='word_1_86' title='bbox 860 2096 1006 2139; x_wconf 77' lang='lat' dir='ltr'><strong>necesse:</strong></span> 
     </span>
     <span class='ocr_line' id='line_1_19' title="bbox 296 2159 1050 2245; baseline 0.004 -23"><span class='ocrx_word' id='word_1_87' title='bbox 296 2160 419 2223; x_wconf 79' lang='lat' dir='ltr'><strong>Radere</strong></span> <span class='ocrx_word' id='word_1_88' title='bbox 433 2169 466 2222; x_wconf 89' lang='lat' dir='ltr'><strong>te</strong></span> <span class='ocrx_word' id='word_1_89' title='bbox 482 2159 591 2223; x_wconf 81' lang='lat' dir='ltr'><strong>melina</strong></span> <span class='ocrx_word' id='word_1_90' title='bbox 607 2164 752 2245; x_wconf 80' lang='lat' dir='ltr'><strong>spongia,</strong></span> <span class='ocrx_word' id='word_1_91' title='bbox 770 2163 915 2241; x_wconf 86' lang='lat' dir='ltr'><strong>Phoebe,</strong></span> <span class='ocrx_word' id='word_1_92' title='bbox 934 2169 1050 2243; x_wconf 85' lang='lat' dir='ltr'><strong>potest.</strong></span> 
     </span>
    </p>
   </div>
   <div class='ocr_carea' id='block_1_8' title="bbox 640 2312 757 2375">
    <p class='ocr_par' dir='ltr' id='par_1_9' title="bbox 640 2312 757 2375">
     <span class='ocr_line' id='line_1_20' title="bbox 640 2312 757 2375; baseline 0.009 -4"><span class='ocrx_word' id='word_1_93' title='bbox 640 2312 757 2375; x_wconf 82' lang='lat' dir='ltr'><strong>Lvln..</strong></span> 
     </span>
    </p>
   </div>
   <div class='ocr_carea' id='block_1_9' title="bbox 216 2424 1110 3266">
    <p class='ocr_par' dir='ltr' id='par_1_10' title="bbox 216 2424 1110 3266">
     <span class='ocr_line' id='line_1_21' title="bbox 256 2424 1110 2505; baseline 0.006 -20"><span class='ocrx_word' id='word_1_94' title='bbox 256 2426 396 2486; x_wconf 78' lang='lat' dir='ltr'><strong>Cernere</strong></span> <span class='ocrx_word' id='word_1_95' title='bbox 411 2424 593 2486; x_wconf 86' lang='lat' dir='ltr'><strong>Parrhasios</strong></span> <span class='ocrx_word' id='word_1_96' title='bbox 609 2424 679 2486; x_wconf 85' lang='lat' dir='ltr'><strong>dum</strong></span> <span class='ocrx_word' id='word_1_97' title='bbox 694 2433 727 2487; x_wconf 86' lang='lat' dir='ltr'><strong>tc</strong></span> <span class='ocrx_word' id='word_1_98' title='bbox 743 2427 846 2504; x_wconf 83' lang='lat' dir='ltr'><strong>iuvat,</strong></span> <span class='ocrx_word' id='word_1_99' title='bbox 867 2424 965 2505; x_wconf 83' lang='lat' dir='ltr'><strong>Aule,</strong></span> <span class='ocrx_word' id='word_1_100' title='bbox 988 2426 1110 2490; x_wconf 86' lang='lat' dir='ltr'><strong>triones</strong></span> 
     </span>
     <span class='ocr_line' id='line_1_22' title="bbox 296 2508 918 2591; baseline 0 -20"><span class='ocrx_word' id='word_1_101' title='bbox 296 2510 442 2571; x_wconf 79' lang='lat' dir='ltr'><strong>(lominus</strong></span> <span class='ocrx_word' id='word_1_102' title='bbox 457 2516 491 2569; x_wconf 86' lang='lat' dir='ltr'><strong>et</strong></span> <span class='ocrx_word' id='word_1_103' title='bbox 504 2508 607 2571; x_wconf 77' lang='lat' dir='ltr'><strong>Getici</strong></span> <span class='ocrx_word' id='word_1_104' title='bbox 621 2510 725 2571; x_wconf 85' lang='lat' dir='ltr'><strong>sidera</strong></span> <span class='ocrx_word' id='word_1_105' title='bbox 737 2512 825 2571; x_wconf 83' lang='lat' dir='ltr'><strong>ferre</strong></span> <span class='ocrx_word' id='word_1_106' title='bbox 836 2509 918 2591; x_wconf 86' lang='lat' dir='ltr'><strong>poli,</strong></span> 
     </span>
     <span class='ocr_line' id='line_1_23' title="bbox 256 2594 1075 2676; baseline 0.002 -20"><span class='ocrx_word' id='word_1_107' title='bbox 256 2595 386 2675; x_wconf 84' lang='lat' dir='ltr'><strong>0quam</strong></span> <span class='ocrx_word' id='word_1_108' title='bbox 399 2612 499 2674; x_wconf 84' lang='lat' dir='ltr'><strong>paene</strong></span> <span class='ocrx_word' id='word_1_109' title='bbox 514 2594 572 2653; x_wconf 89' lang='lat' dir='ltr'><strong>tibi</strong></span> <span class='ocrx_word' id='word_1_110' title='bbox 587 2594 709 2675; x_wconf 78' lang='lat' dir='ltr'><strong>Stygias</strong></span> <span class='ocrx_word' id='word_1_111' title='bbox 724 2614 782 2674; x_wconf 79' lang='lat' dir='ltr'><strong>ego</strong></span> <span class='ocrx_word' id='word_1_112' title='bbox 798 2602 904 2676; x_wconf 85' lang='lat' dir='ltr'><strong>raptus</strong></span> <span class='ocrx_word' id='word_1_113' title='bbox 920 2594 960 2655; x_wconf 81' lang='lat' dir='ltr'><strong>ad</strong></span> <span class='ocrx_word' id='word_1_114' title='bbox 973 2596 1075 2659; x_wconf 81' lang='lat' dir='ltr'><strong>undas</strong></span> 
     </span>
     <span class='ocr_line' id='line_1_24' title="bbox 295 2677 863 2759; baseline -0.004 -18"><span class='ocrx_word' id='word_1_115' title='bbox 295 2677 422 2759; x_wconf 77' lang='lat' dir='ltr'><strong>Elysiae</strong></span> <span class='ocrx_word' id='word_1_116' title='bbox 439 2678 502 2739; x_wconf 84' lang='lat' dir='ltr'><strong>vidi</strong></span> <span class='ocrx_word' id='word_1_117' title='bbox 516 2677 624 2739; x_wconf 87' lang='lat' dir='ltr'><strong>nubila</strong></span> <span class='ocrx_word' id='word_1_118' title='bbox 638 2680 725 2740; x_wconf 77' lang='lat' dir='ltr'><strong>lusca</strong></span> <span class='ocrx_word' id='word_1_119' title='bbox 737 2678 863 2759; x_wconf 85' lang='lat' dir='ltr'><strong>plagae!</strong></span> 
     </span>
     <span class='ocr_line' id='line_1_25' title="bbox 233 2760 1035 2842; baseline 0 -17"><span class='ocrx_word' id='word_1_120' title='bbox 233 2764 399 2841; x_wconf 78' lang='lat' dir='ltr'><strong>5Quamvis</strong></span> <span class='ocrx_word' id='word_1_121' title='bbox 413 2760 495 2823; x_wconf 88' lang='lat' dir='ltr'><strong>lassa</strong></span> <span class='ocrx_word' id='word_1_122' title='bbox 510 2767 580 2823; x_wconf 86' lang='lat' dir='ltr'><strong>tuos</strong></span> <span class='ocrx_word' id='word_1_123' title='bbox 596 2766 786 2842; x_wconf 81' lang='lat' dir='ltr'><strong>quaerebant</strong></span> <span class='ocrx_word' id='word_1_124' title='bbox 801 2762 917 2823; x_wconf 87' lang='lat' dir='ltr'><strong>lumina</strong></span> <span class='ocrx_word' id='word_1_125' title='bbox 930 2762 1035 2825; x_wconf 81' lang='lat' dir='ltr'><strong>uoltus</strong></span> 
     </span>
     <span class='ocr_line' id='line_1_26' title="bbox 300 2845 1030 2928; baseline 0.001 -19"><span class='ocrx_word' id='word_1_126' title='bbox 300 2849 402 2928; x_wconf 80' lang='lat' dir='ltr'><strong>Atque</strong></span> <span class='ocrx_word' id='word_1_127' title='bbox 415 2854 484 2908; x_wconf 86' lang='lat' dir='ltr'><strong>erat</strong></span> <span class='ocrx_word' id='word_1_128' title='bbox 497 2848 529 2906; x_wconf 87' lang='lat' dir='ltr'><strong>in</strong></span> <span class='ocrx_word' id='word_1_129' title='bbox 543 2845 648 2926; x_wconf 77' lang='lat' dir='ltr'><strong>gelido</strong></span> <span class='ocrx_word' id='word_1_130' title='bbox 662 2847 811 2928; x_wconf 88' lang='lat' dir='ltr'><strong>plurimus</strong></span> <span class='ocrx_word' id='word_1_131' title='bbox 826 2866 882 2909; x_wconf 90' lang='lat' dir='ltr'><strong>ure</strong></span> <span class='ocrx_word' id='word_1_132' title='bbox 895 2848 1030 2910; x_wconf 85' lang='lat' dir='ltr'><strong>Pudens.</strong></span> 
     </span>
     <span class='ocr_line' id='line_1_27' title="bbox 256 2930 985 3014; baseline 0 -21"><span class='ocrx_word' id='word_1_133' title='bbox 256 2933 289 2993; x_wconf 86' lang='lat' dir='ltr'><strong>Si</strong></span> <span class='ocrx_word' id='word_1_134' title='bbox 304 2933 378 2993; x_wconf 88' lang='lat' dir='ltr'><strong>mihi</strong></span> <span class='ocrx_word' id='word_1_135' title='bbox 392 2930 535 2992; x_wconf 83' lang='lat' dir='ltr'><strong>lanificae</strong></span> <span class='ocrx_word' id='word_1_136' title='bbox 550 2930 667 2992; x_wconf 84' lang='lat' dir='ltr'><strong>ducunt</strong></span> <span class='ocrx_word' id='word_1_137' title='bbox 679 2952 742 2993; x_wconf 90' lang='lat' dir='ltr'><strong>non</strong></span> <span class='ocrx_word' id='word_1_138' title='bbox 757 2931 844 3014; x_wconf 92' lang='lat' dir='ltr'><strong>pulla</strong></span> <span class='ocrx_word' id='word_1_139' title='bbox 859 2952 985 2993; x_wconf 88' lang='lat' dir='ltr'><strong>sorores</strong></span> 
     </span>
     <span class='ocr_line' id='line_1_28' title="bbox 300 3015 997 3095; baseline 0 -18"><span class='ocrx_word' id='word_1_140' title='bbox 300 3017 436 3077; x_wconf 86' lang='lat' dir='ltr'><strong>Stamina</strong></span> <span class='ocrx_word' id='word_1_141' title='bbox 449 3034 508 3077; x_wconf 86' lang='lat' dir='ltr'><strong>nec</strong></span> <span class='ocrx_word' id='word_1_142' title='bbox 523 3015 635 3077; x_wconf 80' lang='lat' dir='ltr'><strong>surdos</strong></span> <span class='ocrx_word' id='word_1_143' title='bbox 648 3036 705 3076; x_wconf 85' lang='lat' dir='ltr'><strong>vox</strong></span> <span class='ocrx_word' id='word_1_144' title='bbox 719 3017 814 3077; x_wconf 87' lang='lat' dir='ltr'><strong>babet</strong></span> <span class='ocrx_word' id='word_1_145' title='bbox 828 3018 888 3077; x_wconf 90' lang='lat' dir='ltr'><strong>ista</strong></span> <span class='ocrx_word' id='word_1_146' title='bbox 902 3016 997 3095; x_wconf 86' lang='lat' dir='ltr'><strong>deos,</strong></span> 
     </span>
     <span class='ocr_line' id='line_1_29' title="bbox 257 3100 1028 3181; baseline 0 -20"><span class='ocrx_word' id='word_1_147' title='bbox 257 3100 380 3181; x_wconf 89' lang='lat' dir='ltr'><strong>Sospite</strong></span> <span class='ocrx_word' id='word_1_148' title='bbox 396 3120 445 3161; x_wconf 87' lang='lat' dir='ltr'><strong>me</strong></span> <span class='ocrx_word' id='word_1_149' title='bbox 461 3118 569 3181; x_wconf 75' lang='lat' dir='ltr'><strong>sospes</strong></span> <span class='ocrx_word' id='word_1_150' title='bbox 583 3100 687 3161; x_wconf 85' lang='lat' dir='ltr'><strong>Latias</strong></span> <span class='ocrx_word' id='word_1_151' title='bbox 703 3102 864 3163; x_wconf 84' lang='lat' dir='ltr'><strong>reveheris</strong></span> <span class='ocrx_word' id='word_1_152' title='bbox 879 3100 917 3162; x_wconf 83' lang='lat' dir='ltr'><strong>ad</strong></span> <span class='ocrx_word' id='word_1_153' title='bbox 933 3103 1028 3161; x_wconf 87' lang='lat' dir='ltr'><strong>urbes</strong></span> 
     </span>
     <span class='ocr_line' id='line_1_30' title="bbox 216 3183 931 3266; baseline -0.003 -18"><span class='ocrx_word' id='word_1_154' title='bbox 216 3196 249 3249; x_wconf 88' lang='lat'><strong>10</strong></span> <span class='ocrx_word' id='word_1_155' title='bbox 296 3184 338 3245; x_wconf 78' lang='lat' dir='ltr'><strong>nt</strong></span> <span class='ocrx_word' id='word_1_156' title='bbox 351 3186 473 3246; x_wconf 83' lang='lat' dir='ltr'><strong>referes</strong></span> <span class='ocrx_word' id='word_1_157' title='bbox 487 3183 545 3266; x_wconf 89' lang='lat' dir='ltr'><strong>pili</strong></span> <span class='ocrx_word' id='word_1_158' title='bbox 560 3185 696 3265; x_wconf 85' lang='lat' dir='ltr'><strong>praemia</strong></span> <span class='ocrx_word' id='word_1_159' title='bbox 710 3184 811 3245; x_wconf 88' lang='lat' dir='ltr'><strong>clarus</strong></span> <span class='ocrx_word' id='word_1_160' title='bbox 826 3204 931 3266; x_wconf 77' lang='lat' dir='ltr'><strong>eques.</strong></span> 
     </span>
    </p>
   </div>
   <div class='ocr_carea' id='block_1_10' title="bbox 655 3319 734 3381">
    <p class='ocr_par' dir='ltr' id='par_1_11' title="bbox 655 3319 734 3381">
     <span class='ocr_line' id='line_1_31' title="bbox 655 3319 734 3381; baseline -0.038 0"><span class='ocrx_word' id='word_1_161' title='bbox 655 3319 734 3381; x_wconf 79' lang='lat' dir='ltr'><strong>nix.</strong></span> 
     </span>
    </p>
   </div>
   <div class='ocr_carea' id='block_1_11' title="bbox 254 3429 1089 3685">
    <p class='ocr_par' dir='ltr' id='par_1_12' title="bbox 254 3429 1089 3685">
     <span class='ocr_line' id='line_1_32' title="bbox 254 3429 1089 3517; baseline 0.002 -23"><span class='ocrx_word' id='word_1_162' title='bbox 254 3434 297 3494; x_wconf 86' lang='lat' dir='ltr'><strong>Et</strong></span> <span class='ocrx_word' id='word_1_163' title='bbox 312 3429 397 3494; x_wconf 89' lang='lat' dir='ltr'><strong>dolet</strong></span> <span class='ocrx_word' id='word_1_164' title='bbox 412 3439 445 3494; x_wconf 88' lang='lat' dir='ltr'><strong>et</strong></span> <span class='ocrx_word' id='word_1_165' title='bbox 462 3434 604 3513; x_wconf 86' lang='lat' dir='ltr'><strong>queritur</strong></span> <span class='ocrx_word' id='word_1_166' title='bbox 619 3434 678 3495; x_wconf 89' lang='lat' dir='ltr'><strong>sibi</strong></span> <span class='ocrx_word' id='word_1_167' title='bbox 692 3454 754 3495; x_wconf 92' lang='lat' dir='ltr'><strong>non</strong></span> <span class='ocrx_word' id='word_1_168' title='bbox 772 3436 954 3515; x_wconf 78' lang='lat' dir='ltr'><strong>contingere</strong></span> <span class='ocrx_word' id='word_1_169' title='bbox 969 3435 1089 3517; x_wconf 78' lang='lat' dir='ltr'><strong>frigus,</strong></span> 
     </span>
     <span class='ocr_line' id='line_1_33' title="bbox 298 3516 970 3600; baseline 0.004 -23"><span class='ocrx_word' id='word_1_170' title='bbox 298 3516 434 3599; x_wconf 88' lang='lat' dir='ltr'><strong>Propter</strong></span> <span class='ocrx_word' id='word_1_171' title='bbox 449 3516 611 3579; x_wconf 68' lang='lat' dir='ltr'><strong>sescentas</strong></span> <span class='ocrx_word' id='word_1_172' title='bbox 624 3520 758 3579; x_wconf 86' lang='lat' dir='ltr'><strong>Baccara</strong></span> <span class='ocrx_word' id='word_1_173' title='bbox 771 3521 970 3600; x_wconf 82' lang='lat' dir='ltr'><strong>gausapinas,</strong></span> 
     </span>
     <span class='ocr_line' id='line_1_34' title="bbox 256 3600 1031 3685; baseline 0.004 -22"><span class='ocrx_word' id='word_1_174' title='bbox 256 3603 352 3683; x_wconf 86' lang='lat' dir='ltr'><strong>Optat</strong></span> <span class='ocrx_word' id='word_1_175' title='bbox 367 3609 400 3663; x_wconf 90' lang='lat' dir='ltr'><strong>et</strong></span> <span class='ocrx_word' id='word_1_176' title='bbox 416 3604 562 3662; x_wconf 85' lang='lat' dir='ltr'><strong>obscuras</strong></span> <span class='ocrx_word' id='word_1_177' title='bbox 575 3600 663 3664; x_wconf 88' lang='lat' dir='ltr'><strong>luces</strong></span> <span class='ocrx_word' id='word_1_178' title='bbox 677 3610 849 3684; x_wconf 85' lang='lat' dir='ltr'><strong>ventosque</strong></span> <span class='ocrx_word' id='word_1_179' title='bbox 863 3605 1031 3685; x_wconf 81' lang='lat' dir='ltr'><strong>nivesque,</strong></span> 
     </span>
    </p>
   </div>
   <div class='ocr_carea' id='block_1_12' title="bbox 0 0 1226 4209">
    <p class='ocr_par' dir='ltr' id='par_1_13' title="bbox 0 0 1226 4209">
     <span class='ocr_line' id='line_1_35' title="bbox 0 0 1226 4209; baseline 0 0"><span class='ocrx_word' id='word_1_180' title='bbox 0 0 1226 4209; x_wconf 95' lang='lat' dir='ltr'><strong> </strong></span> 
     </span>
    </p>
   </div>
  </div>
 </body>
</html>
