2442 4209
299 309 642 375 EPIGRAMMATON
654 309 730 374 ldB.
745 309 767 371 l
1011 307 1057 374 33

92 465 167 533 osni
181 467 206 527 si
219 483 278 525 nec
291 465 380 526 iocur
395 467 444 524 ert
457 481 516 523 nae
528 461 604 522 nudi
618 460 737 543 sponda
750 461 870 541 grabati

142 551 203 612 Nae
218 553 324 610 curtim
339 547 475 610 Chiones
490 547 680 626 Antiopesve
695 541 792 626 arlia,

107 637 197 698 (berea
213 635 240 694 si
254 631 372 713 pendet
386 630 500 692 lumbis
515 635 549 690 et
562 630 679 710 scripta
692 629 821 692 lacerna

141 717 348 798 Dimidiasque
365 722 454 776 nates
469 713 589 776 Gallias
602 716 696 775 braca
710 717 807 794 tegit,

106 803 238 866 Pasceris
252 808 287 862 et
301 801 408 880 nigrae
425 798 492 860 solo
507 798 620 859 nidore
635 799 756 860 culinae

76 901 101 953 lb
140 887 274 950 noorai·
290 882 476 947 immundam
491 902 652 945 sumasne
668 902 785 965 pronus
802 903 925 963 aquam:

104 974 164 1035 Nou
177 971 295 1048 aulum,
316 987 420 1049 neque
434 970 517 1030 euim
531 973 580 1029 est
595 967 699 1048 aulus,
727 968 780 1048 qui
792 987 855 1029 non
869 975 956 1043 eaaat
969 967 1053 1047 olim,

141 1056 201 1118 Sed
216 1053 334 1116 fodiam
349 1053 447 1133 digito
464 1054 516 1131 qui
530 1059 675 1133 superest
689 1051 821 1116 oculum.

105 1141 162 1203 Nea
174 1158 223 1201 me
238 1137 419 1220 zelotypum
430 1156 489 1199 uec
503 1135 621 1198 dixeris
635 1154 705 1198 erse
719 1135 902 1219 maligunmr

139 1226 279 1305 lienique
293 1221 440 1306 predica,
460 1221 669 1296 Mamurium,
691 1230 785 1285 satur.

482 1355 587 1418 xciii.

103 1473 236 1535 Fabricio
251 1473 376 1533 iunctus
389 1470 452 1534 fldo
466 1472 637 1552 requiescit
651 1471 806 1551 Aquinus,

139 1559 195 1635 Qui
209 1557 301 1639 prior
313 1554 437 1636 Elysias
451 1555 565 1636 gaudet
579 1555 681 1617 adisse
695 1555 812 1617 domos.

103 1643 159 1702 Ara
172 1641 289 1722 duplex
302 1641 395 1721 primi
409 1646 542 1701 testatur
556 1658 684 1700 munera
697 1638 769 1720 pili:

139 1725 209 1786 Plus
225 1731 331 1786 tamen
345 1729 410 1802 est,
431 1723 522 1785 titulo
538 1723 621 1804 qnod
638 1725 782 1784 breviore
795 1720 891 1800 legis:

87 1810 226 1872 obunctus
241 1816 377 1890 aterque
391 1826 480 1870 saara
496 1807 648 1869 laudatae
659 1807 787 1882 foedere
801 1808 902 1883 nitas,

138 1894 305 1976 Famaque
323 1892 408 1975 qood
422 1912 495 1954 raro
511 1893 613 1971 auoit,
635 1893 755 1953 auriens
770 1898 852 1954 erat.

478 2025 584 2088 XCIV.

102 2139 231 2199 Cantasti
248 2135 346 2218 male,
368 2135 440 2200 dum
453 2139 620 2216 intumas,
639 2136 747 2218 Aegle.

22 2283 23 2306 q
103 2221 155 2282 lam
171 2229 279 2285 cantas
293 2224 392 2299 bene;
414 2222 560 2316 basianda
573 2243 636 2283 non
652 2240 695 2284 es.

488 2371 583 2434 XCV.

22 2461 23 2548 ι
103 2482 185 2561 Quod
201 2449 315 2544 clamas
330 2501 471 2564 semper,
493 2482 577 2562 quod
591 2483 751 2562 agentibus
767 2483 938 2565 obstrepis,
953 2479 1036 2560 Aeli,

22 2549 24 2594 ὗ
137 2568 205 2629 Νοιι
219 2568 299 2628 iacis
313 2569 373 2628 hoe
388 2568 500 2646 gratis:
520 2569 650 2649 accipis,
667 2573 703 2627 ut
716 2573 829 2629 taceas.

22 2655 24 2744 i
479 2700 588 2764 xovr.

102 2812 205 2874 Sinon
220 2811 385 2875 molestum
400 2819 449 2875 est
463 2820 558 2894 teque
573 2833 636 2874 non
650 2815 753 2894 piget,
776 2833 904 2894 samon,

101 2896 209 2959 Nostro
225 2917 369 2978 rogamur
384 2917 480 2979 pauca
494 2901 589 2959 verba
602 2898 749 2961 Materno

102 2980 186 3044 Dicas
202 2985 237 3043 in
251 3001 359 3044 aurem
373 2983 417 3042 sia
431 2989 466 3043 ut
480 2983 583 3044 audiat
602 2982 695 3044 solus.

101 3066 224 3128 Amator
238 3066 298 3128 ille
312 3067 448 3128 tristium
460 3064 656 3128 lacernarum

86 3149 140 3209 bbit
153 3153 327 3212 baeticatus
342 3156 434 3230 atque
448 3151 704 3233 leucophaeatus‚

103 3234 157 3310 Qui
172 3238 349 3297 coccinatos
364 3255 426 3295 non
439 3241 528 3316 {futat
541 3237 625 3297 viros
640 3254 710 3296 esre

22 3341 23 3388 3
102 3319 394 3400 Amethystinasque
409 3319 573 3381 mulierum
587 3327 677 3380 vocat
688 3325 807 3401 vestes,

22 3435 23 3468 2
102 3401 203 3464 Nativa
216 3401 341 3483 laudet,
363 3405 476 3465 habeat
490 3411 523 3465 at
536 3404 614 3465 licet
627 3423 750 3486 semper

22 3485 23 3544 l
102 3486 213 3548 Fuscos
232 3486 374 3567 coloret,
397 3486 535 3568 galbinos
549 3490 645 3550 habet
657 3508 770 3553 mores.

74 3568 244 3714 lblglogabit,
267 3573 349 3634 unda
368 3574 507 3654 suspicer
521 3575 619 3635 virum
632 3571 769 3636 mollem.
832 3654 854 3716 3

135 3675 204 3718 arr.
