2442 4209
310 339 648 400 EPIGRAMMA'ION
660 339 792 404 Lmluu.
1047 339 1068 405 5

478 492 566 571 xvi,
588 493 618 553 u.

123 613 252 675 Venerat
264 612 413 692 Europen
427 611 564 671 fraterna
577 629 635 690 per
650 629 783 690 aequora
799 618 921 673 tuorna:

161 699 198 756 At
213 715 295 756 nunc
310 695 440 756 Alciden
455 702 561 755 taurus
575 696 607 753 in
623 702 705 755 aetra
718 693 801 756 tulit.
832 739 840 745 -

123 782 256 843 Caesaris
271 787 364 859 atque
378 780 456 840 Iovis
472 779 580 838 confer
592 798 690 855 nnnc,
707 779 802 858 fama,
824 782 984 841 iuvencos:
1000 775 1004 783 ’

159 866 216 924 Par
231 884 309 925 onus
323 871 357 924 ut
371 863 518 939 tulerim,
539 861 629 922 altius
643 863 704 923 iste
718 863 801 924 tulit.

503 996 596 1060 XVII.

122 1110 203 1188 Quod
218 1111 287 1192 pius
303 1117 336 1172 et
350 1110 479 1192 supplex
494 1109 623 1189 elephas
633 1116 685 1188 te,
708 1111 837 1189 Caesar,
858 1110 966 1170 adorat

158 1196 217 1254 Hic
232 1194 324 1254 modo
339 1196 391 1273 qui
408 1203 496 1255 tauro
513 1201 574 1254 tam
591 1193 776 1254 metuendus
791 1201 874 1270 erat,

120 1279 180 1338 Non
194 1279 271 1344 facit
285 1280 344 1338 hoc
359 1279 460 1338 inacus
474 1277 625 1359 nulloque
640 1278 774 1340 docente
789 1281 950 1357 magistro:

155 1362 258 1424 Crede
273 1363 363 1441 mihi,
384 1370 523 1423 nostrum
538 1364 635 1423 sentit
649 1370 682 1423 et
695 1361 751 1423 ille
766 1362 865 1423 deum.

494 1498 600 1560 XVIII.

118 1613 266 1673 Lambere
284 1615 385 1672 securi
402 1612 539 1673 dextram
556 1619 703 1672 consueta
716 1611 853 1690 magistri

156 1697 262 1776 'I'igris
275 1698 311 1757 ab
327 1698 472 1776 Hyrcano
487 1696 584 1776 glorio
600 1717 669 1756 rara
684 1697 771 1773 iugo,

117 1781 207 1842 Saeva
224 1781 326 1841 ferum
338 1780 447 1841 rabido
463 1780 612 1840 laceravit
627 1779 721 1839 dente
735 1778 875 1838 leonem:

153 1865 217 1925 Res
234 1885 328 1942 nova,
349 1885 410 1924 non
425 1864 496 1924 ullis
513 1865 635 1942 cognita
648 1864 848 1943 temporibus.

97 1951 194 2009 clusa
210 1955 262 2009 est
275 1947 338 2010 tale
351 1947 445 2028 nihiI,
468 1948 552 2009 silvis
571 1948 643 2008 dum
655 1949 730 2007 vixit
744 1949 776 2006 in
791 1944 878 2006 altis:

153 2035 322 2113 Postquam
335 2035 419 2094 inter
434 2053 491 2093 nos
506 2043 570 2112 est,
591 2030 662 2113 pluo
677 2032 812 2091 feritatis
827 2031 930 2091 hahet.

488 2209 491 2216 -
508 2167 584 2230 XIX.

115 2281 169 2356 Qui
184 2278 279 2339 modo
293 2299 351 2361 per
365 2289 461 2342 totam
474 2283 603 2340 flammis
618 2278 791 2340 stimulatur
805 2282 951 2341 harenam

153 2362 333 2425 Sustulerat
346 2372 449 2444 raptas
462 2373 574 2425 taurus*
586 2366 619 2423 in
634 2371 716 2424 aetra
729 2363 819 2444 pilas,

113 2449 265 2508 Occuhmt
279 2449 402 2508 tandem
415 2469 511 2509 cornu
524 2450 647 2529 potiore
661 2449 793 2528 petitus,

152 2534 232 2592 Dum
247 2530 371 2592 facilem
387 2532 459 2592 tolli
474 2535 519 2592 sic
534 2532 699 2612 elephanta
713 2539 810 2612 putat.

513 2667 578 2728 XX.

112 2779 186 2838 Com
201 2787 328 2860 peteret
341 2799 413 2860 pom
427 2782 504 2839 haec
515 2779 683 2858 Myrinum,
697 2796 769 2857 pam
785 2776 839 2837 illa
854 2777 1067 2858 Triumphum,

150 2864 300 2924 Promiait
316 2866 434 2944 pariter
449 2865 563 2924 Caesar
577 2868 709 2942 utroque
722 2881 821 2924 manu.

111 2948 176 3007 Non
193 2949 297 3028 potuit
311 2946 421 3008 mellus
433 2946 520 3008 litem
536 2947 628 3008 finire
643 2948 786 3006 iocosam.

152 3031 178 3092 0
196 3031 287 3092 dulce
301 3033 408 3092 invicti
422 3032 570 3112 principie
585 3030 757 3110 ingenium!

505 3162 585 3226 XXI.

22 3273 23 3330 ἶ
110 3278 270 3358 Quidquid
283 3280 317 3338 in
332 3280 458 3359 Orpheo
472 3276 624 3357 Rhodope
639 3283 796 3356 spectatae
811 3277 934 3337 theatro

150 3365 290 3440 Dicitur,
312 3364 466 3440 exhibuit,
490 3364 619 3440 Caesar,
640 3363 756 3420 harena
770 3361 837 3423 tihi.

22 3485 23 3526 ,
110 3437 291 3527 Repscrmit
306 3445 424 3528 scopuli
439 3446 638 3524 mirandaque
652 3444 729 3505 silva
742 3445 895 3520 cucurrit,

152 3531 254 3608 Quale
267 3532 364 3592 fuitse
381 3550 488 3591 nemus
504 3531 642 3592 creditur
656 3528 874 3608 Hesperidum.

92 3616 215 3676 ohll'oit
228 3616 396 3677 immetum
410 3616 517 3696 pecori
532 3633 629 3693 genus
645 3631 735 3673 omne
750 3613 886 3670 ferarum
