2442 4209
515 342 560 403 Μ.
571 342 666 404 VAL.
679 340 906 403 nanninus

664 543 747 607 XIV.

273 656 393 718 Sedere
407 659 507 738 primo
523 656 635 719 solitus
650 659 685 717 in
700 655 798 735 gradu
811 675 936 739 semper

273 741 379 819 Tune,
395 761 462 801 oum
475 741 590 803 liceret
605 760 775 823 occupare,
795 740 970 821 Nanneius,

271 826 324 885 Bis
337 827 487 886 excitatus
502 833 615 906 terque
630 824 790 887 transtulit
803 832 919 905 matra,

270 910 313 969 Et
326 912 410 970 inter
424 911 507 990 ipsas
519 929 620 990 paene
637 912 749 970 tertius
763 908 857 970 sellas

250 994 349 1055 51'oat
364 994 535 1073 Gaiumque
548 994 739 1073 Luciumque
754 992 904 1055 consedit.

221 1080 224 1087 '
270 1076 360 1139 lllinc
374 1076 495 1139 cucullo
510 1081 663 1159 prospicit
676 1084 767 1158 caput
779 1084 881 1137 tectus

272 1160 434 1241 Oculoque
447 1161 539 1223 ludos
553 1169 676 1243 spectat
688 1162 837 1222 indecens
849 1180 921 1223 uno.

271 1246 313 1307 lit
327 1248 401 1307 hinc
415 1248 510 1307 miser
526 1246 666 1308 deiectus
681 1249 714 1306 in
728 1248 807 1306 viam
820 1249 948 1325 transit,

274 1329 492 1411 Subsellioque
507 1329 681 1391 semifultus
696 1337 836 1391 extremo

232 1413 407 1478 1olutmale
421 1423 568 1497 receptus
583 1414 684 1476 altero
699 1433 780 1494 genu
794 1416 904 1493 iactat,

272 1500 379 1580 Equiti
393 1499 506 1561 sedere
520 1500 675 1580 Leitoque
690 1518 725 1560 se
741 1505 835 1561 stare.

678 1666 745 1730 XV.

275 1794 407 1870 Quintus
422 1800 599 1853 nostrorum
613 1791 697 1853 liber
712 1799 776 1871 est,
795 1795 950 1872 Auguste,
971 1795 1119 1870 iocorum,
1193 1806 1195 1826 ³

315 1878 358 1939 lit
373 1878 514 1958 queritur
527 1876 631 1937 laesus
647 1878 782 1938 carmine
794 1896 886 1940 nemo
899 1896 986 1955 meo,

213 2010 216 2017 .
274 1961 397 2025 Gaudet
410 1963 562 2022 honorato
580 1961 637 2022 sed
651 1960 765 2022 multus
778 1964 903 2023 nomino
917 1961 1038 2043 lector‚'

315 2045 373 2106 Cui
387 2048 506 2106 victura
520 2064 589 2106 meo
604 2064 733 2106 munere
746 2047 827 2106 fama
842 2047 941 2108 datur.
1006 2075 1016 2087 ·

253 2128 379 2207 5„de
390 2137 492 2192 tamen
504 2131 581 2191 haec
592 2138 724 2211 prosunt
735 2132 871 2210 quamvis
883 2135 1064 2193 venerantia
1076 2119 1195 2204 multosil¹

315 2214 384 2274 Nou
397 2216 519 2295 prosint
536 2233 626 2293 sane,
648 2233 697 2274 me
713 2221 815 2275 tamen
830 2216 890 2275 ista
902 2217 1017 2278 iuvant.

665 2379 748 2444 xvi.

274 2504 364 2566 Seria
379 2525 446 2566 oum
461 2508 593 2587 possim,
617 2507 698 2587 quod
715 2507 904 2573 delectantia
918 2510 999 2570 malo

316 2589 480 2670 Scribere,
500 2596 535 2651 tu
550 2611 640 2652 cauas
654 2610 706 2670 es,
727 2592 830 2654 lector
845 2595 957 2670 amice,
978 2596 1072 2673 mthi,
1193 2655 1195 2658 ,

274 2676 332 2751 Qui
347 2671 427 2753 legis
442 2682 475 2734 et
489 2679 554 2735 tota
570 2682 674 2736 cantas
689 2696 756 2737 mea
771 2680 906 2738 carmina
919 2679 1031 2739 Roma:

316 2757 380 2818 Sed
392 2760 510 2837 nescis,
533 2762 638 2839 quanti
653 2767 717 2821 stet
731 2763 806 2821 mibi
821 2761 893 2823 tulis
907 2782 1001 2823 amor.

251 2842 349 2904 5Nam
364 2844 391 2903 si
405 2841 540 2904 falciferi
555 2844 728 2906 defendere
746 2845 864 2927 templa
877 2847 1030 2906 Tonantis

314 2926 523 3006 Sollicitisque
538 2927 630 2990 velim
645 2928 783 2990 rendere
797 2931 892 2990 verba
910 2931 991 3006 reis,

270 3007 426 3071 Plurimus
438 3012 590 3092 Hispanas
606 3016 710 3073 mittet
724 3016 799 3074 mibi
813 3022 905 3074 nauta
919 3020 1068 3075 metretas

315 3095 358 3155 Et
372 3097 427 3156 iiet
439 3099 524 3156 vario
537 3097 681 3159 sordidus
697 3118 770 3159 aere
788 3101 882 3159 sinus.
939 3164 942 3169 ,

271 3179 315 3238 At
328 3199 409 3239 nuno
428 3184 553 3242 conviva
566 3191 617 3243 est
631 3185 875 3263 comissatorque
889 3180 1033 3261 libellus,

229 3272 264 3327 lo
312 3264 355 3322 ut
369 3269 486 3326 tanturn
501 3269 595 3345 gratis
610 3268 721 3348 pagina
732 3275 839 3329 nostra
853 3266 967 3347 placet.

272 3345 336 3408 Sed
350 3346 411 3407 non
427 3356 460 3409 et
474 3354 598 3411 veteres
615 3354 755 3412 contenti
770 3350 864 3411 laude
878 3352 1022 3429 fuerunt,

315 3430 392 3491 oum
405 3434 561 3493 minimum
577 3436 639 3495 uati
652 3454 761 3495 munus
775 3434 882 3495 Alexis
896 3440 974 3498 erat.

271 3514 404 3592 „Belle“
418 3516 520 3593 inquis
535 3518 651 3593 „distis
673 3520 772 3598 iuvat,
796 3525 828 3579 et
841 3516 1035 3579 laudabimus
1048 3510 1168 3595 usque.“

314 3595 520 3657 Dissimulari
541 3600 639 3660 facies
652 3621 719 3680 me,
741 3609 834 3682 puto,
855 3601 1052 3662 causidicum.
1193 3597 1195 3604 ’
