2442 4209
482 304 527 370 Μ.
543 305 636 368 VAL.
652 304 879 366 MARTIALIS

615 508 741 573 XXXV.

239 627 319 689 (ium
335 627 398 688 rlnt
412 643 503 686 crure
515 623 574 685 tibi
588 622 735 685 simulent
749 641 828 704 quae
844 641 960 685 cornua
972 620 1087 705 lunae,

284 711 319 773 In
334 710 438 792 rhytio
454 714 597 790 peteres,
619 708 767 788 Phoebe,
788 706 894 769 levare
908 706 1017 790 peden.

608 841 747 906 XXXVI.

237 957 388 1030 Flectere
403 964 436 1021 te
450 957 564 1037 nolim,
586 957 644 1021 red
658 979 717 1021 nee
731 961 859 1022 turbere
875 957 1024 1041 carpinus,

284 1042 455 1126 Splendida
469 1045 511 1105 rit
523 1042 614 1124 nolo,
634 1043 760 1106 sordide
774 1043 848 1105 nolu
864 1045 962 1121 cutie;

240 1127 307 1190 Nee
321 1130 380 1191 ilbi
393 1130 554 1190 mitrarum
568 1147 628 1189 nee
643 1130 684 1190 sit
697 1130 755 1190 tibi
771 1130 867 1190 barbe
880 1145 1023 1211 reqrum:

282 1211 362 1275 Nolo
375 1215 475 1274 virum
488 1214 631 1292 nlmium,
652 1214 836 1294 Pannyche,
857 1211 930 1275 nolu
944 1231 1065 1294 purum.

217 1296 334 1360 5Nune
349 1305 422 1360 sunt
436 1318 528 1359 crura
541 1296 616 1378 pilis
631 1305 665 1359 et
679 1305 752 1359 sunt
767 1298 825 1360 tibi
839 1303 971 1379 pectere
983 1297 1062 1357 setis

102 1392 106 1398 '
231 1377 235 1384 ’
283 1381 436 1462 Horrida,
458 1381 515 1442 red
529 1401 616 1443 mens
631 1388 696 1462 est,
718 1383 902 1463 Punnyehe,
922 1377 1010 1443 velen
1024 1380 1092 1442 libi.

603 1516 757 1580 XXXVII.
879 1595 887 1605 .

238 1626 400 1708 Quidquid
413 1629 540 1710 ponitur
554 1630 628 1692 hine
643 1637 677 1691 et
689 1630 764 1691 inde
778 1629 895 1709 verris,

238 1712 389 1774 Mammas
404 1715 532 1775 numinis
546 1715 770 1796 imbricemque
785 1715 875 1798 porei

182 1795 190 1805 '
238 1797 503 1878 Communemque
519 1798 638 1860 duobus
654 1806 845 1880 attagenem,

239 1881 374 1945 Mullum
388 1882 548 1944 dimidium
562 1882 732 1965 lupumque
745 1890 845 1945 totum

214 1967 475 2046 5Mnruenueque
488 1967 568 2030 Intus
583 1969 748 2048 femurque
762 1965 843 2050 pulli

241 2049 480 2134 Stillnntemque
496 2052 641 2138 ulice'suu
654 2052 840 2137 palumbum.

239 2135 327 2197 Haee
342 2156 411 2197 cum
426 2135 551 2199 condiia
567 2144 639 2199 eunt
654 2137 799 2200 madente
814 2155 940 2219 mappa,

240 2220 423 2283 Traduntur
436 2241 535 2304 puero
551 2222 674 2284 domum
688 2221 830 2284 ferenda.

238 2304 303 2366 Nos
319 2307 525 2368 aeeumblmus
541 2309 641 2368 otiose
654 2309 753 2369 turbu.

197 2387 327 2454 Iolillue
341 2391 369 2452 ei
384 2388 486 2474 pudor
501 2399 565 2471 eei,
586 2411 706 2474 repone
721 2411 844 2453 cenem:

240 2474 381 2555 Oreste,
405 2474 598 2556 caeciliane,
616 2497 680 2537 non
694 2478 807 2539 vocavi.

593 2623 762 2690 XXXVIII.

195 2719 198 2726 ¹
235 2738 320 2815 Quid
334 2740 410 2802 mihi
425 2738 538 2800 reddat
553 2757 627 2819 eger
643 2741 784 2821 quaeris,
806 2739 903 2817 Line,
924 2735 1171 2798 Nomentanus?

279 2823 349 2885 Hoc
365 2824 441 2886 mihi
456 2822 563 2885 reddit
578 2842 668 2904 ager:
690 2831 740 2905 te,
761 2825 856 2902 Line,
878 2842 943 2884 non
956 2820 1058 2884 video.

604 2959 744 3038 xxxix.

236 3070 374 3132 Coccina
386 3073 522 3134 iamneae
538 3069 635 3133 donas
650 3079 684 3134 et
697 3073 836 3134 iunthIne
850 3073 1014 3136 moeehrer

280 3154 337 3217 Vis
354 3153 429 3219 dare
443 3175 524 3238 quae
539 3159 655 3218 meruit
668 3176 814 3237 munere,
828 3157 919 3218 mitte
933 3161 1047 3238 iugem

644 3293 710 3358 XL.

236 3403 294 3466 Uri
310 3403 474 3484 TongiIiur
488 3406 570 3468 mele
586 3404 701 3469 dieitur
715 3407 923 3471 hemitrineo.

276 3488 356 3552 Novi
370 3491 503 3551 hominis
519 3491 661 3554 frendes:
684 3494 784 3553 esurit
798 3498 893 3574 utque
908 3493 987 3555 sitit.

233 3571 374 3637 Subdola
389 3574 559 3638 tenduntur
574 3578 685 3640 cremis
699 3597 783 3639 nune
796 3579 879 3640 retia
894 3578 1012 3656 turdis,
