2442 4209
279 297 618 360 EPIGRAMMATON
630 299 800 362 LIB.·VIII.
1000 300 1063 366 170

46 473 50 483 ·
157 450 258 529 Inqua
273 468 331 509 nec
346 451 462 510 Boreas
475 450 543 529 Ipse
559 468 685 510 monere
699 449 783 511 velit.
840 482 846 491 ·

126 534 165 594 Sic
175 534 313 595 habiture
328 536 415 599 iubes
430 541 567 593 veterem
583 533 720 594 crudelia
735 536 884 596 amicum?

41 670 43 719 ἶ
155 618 277 717 Arboris
292 636 367 697 ergo
382 623 454 678 tuae
467 619 564 678 tutior
580 618 694 698 hospes
708 638 772 680 ero.

505 752 572 814 XV.

123 866 184 925 Dum
197 884 275 924 nova
288 863 457 925 Pannonici
471 870 652 924 numeratur
665 863 764 943 gloria
778 866 854 929 belli

155 950 254 1008 Omnia
271 953 304 1009 et
320 948 359 1008 ad
373 947 531 1009 Reducem
547 947 620 1008 dum
632 948 703 1009 litat
717 969 769 1009 ara
781 950 898 1031 Iovem,

123 1034 168 1092 Iiat
181 1031 330 1114 populus,
353 1032 406 1092 dat
417 1038 521 1111 gratus
537 1050 650 1111 eques,
672 1031 726 1092 dat
739 1040 809 1095 tura
824 1045 948 1098 senatus

134 1166 136 1171 .
152 1118 188 1177 lit
202 1116 302 1177 dItant
315 1117 418 1177 Latias
433 1118 528 1177 tertia
542 1115 623 1178 dona
637 1117 751 1178 tribus:
777 1147 779 1150 ·

106 1202 177 1261 oHoa
191 1219 313 1280 quoque
329 1207 468 1263 secretos
480 1201 664 1261 memorabit
676 1202 772 1262 Roma
786 1205 976 1287 triumphos,

153 1286 212 1345 Nec
230 1287 330 1345 minor
343 1287 403 1345 istu
418 1292 488 1345 tuae
503 1283 610 1345 laurea
624 1286 709 1365 pacis
723 1288 800 1365 erit,
855 1294 857 1299 ’

122 1367 197 1446 Quod
210 1370 268 1429 tibi
281 1367 321 1430 dc
337 1374 441 1430 sancta
456 1369 558 1429 credis
572 1370 690 1449 pictate
704 1376 835 1433 tuorum.

155 1453 303 1534 Prinpria
318 1455 481 1514 estvirtus
496 1456 639 1530 mommo,
658 1472 750 1514 nosse
766 1476 846 1517 suos.

500 1588 579 1650 XVI.

121 1700 210 1760 Pistor
225 1700 276 1779 qui
290 1700 395 1761 fueras
409 1701 479 1783 diu,
503 1701 642 1781 cypero,

35 1830 36 1841 ,
122 1784 218 1845 Causas
235 1804 316 1844 nunc
332 1786 396 1864 agis
412 1791 446 1846 et
459 1784 578 1845 ducena
593 1786 732 1863 quaerisz

34 1858 36 1921 ,¹
123 1867 174 1928 Sed
189 1870 339 1929 consumis
354 1877 387 1929 et
400 1876 498 1950 usquc
512 1869 668 1930 mutuaris.

34 1952 35 1957 ’
120 1953 281 2035 Ipistore,
304 1954 443 2034 cypero,
465 1974 526 2013 non
541 1952 679 2013 recedis:

33 2038 35 2107 ζ
104 2035 153 2095 ont
165 2055 271 2117 panem
288 2037 366 2098 facis
380 2046 413 2099 et
427 2039 503 2099 focis
517 2038 655 2097 farinam.

491 2186 585 2251 XVII

33 2342 34 2371 ,
116 2296 180 2377 ligi,
202 2300 315 2375 Sexte,
339 2306 437 2378 tuum,
457 2307 566 2380 pactus
581 2300 642 2360 duo
657 2300 756 2379 miIiu,
779 2319 907 2361 causam.

33 2434 34 2437 ,
151 2382 263 2444 Misisti
278 2403 417 2444 nummos
434 2385 516 2464 quod
533 2385 609 2444 mibi
625 2383 728 2462 mille,
749 2384 823 2464 qnid
838 2382 910 2443 est?
941 2417 944 2422 <

33 2478 34 2535 ι
115 2466 264 2543 „Narrasti
278 2466 381 2528 nIhiI“
402 2469 503 2548 inqui·
521 2477 576 2547 „et
591 2489 607 2528 a
622 2475 654 2529 te
669 2467 794 2550 perdita
807 2486 896 2528 causa
912 2465 994 2527 est.“

32 2564 34 2617 ε
152 2550 248 2613 'Ianto
263 2549 335 2633 plus
350 2551 462 2631 debes,
485 2553 595 2631 Sexte,
619 2552 702 2633 quod
717 2554 836 2613 erubui.

491 2688 598 2750 XVIII.

115 2796 144 2855 Si
158 2803 223 2877 tua,
244 2799 376 2879 Cyreni,
398 2819 520 2879 promus
536 2790 754 2883 epigrammata
767 2798 889 2880 volgo,

149 2882 206 2942 Vel
219 2901 339 2943 mecum
352 2885 468 2963 possis,
491 2884 540 2945 vel
554 2887 642 2965 prior
655 2888 723 2966 ipse
736 2882 811 2964 legi.

113 2962 169 3025 Sed
185 2968 240 3027 tibi
255 2973 360 3027 tantus
374 2968 457 3027 inest
469 2970 762 3049 veteris-respectus
777 2968 882 3045 amici,

150 3050 256 3110 Carior
270 3057 306 3111 ut
320 3069 388 3111 mea
403 3053 460 3129 sit,
484 3072 573 3132 quam
588 3061 641 3113 tua
654 3054 733 3113 foma
748 3054 814 3113 tibi.

93 3131 157 3193 tSic
171 3135 258 3195 Maro
273 3153 333 3195 nee
348 3133 471 3196 Colabri
484 3140 647 3217 tcmptavIt
661 3139 795 3197 carmina
806 3133 929 3213 Flacci,

148 3216 327 3281 Pindaricos
341 3227 448 3280 nosset
462 3240 530 3282 eum
544 3240 693 3301 superare
708 3220 833 3299 modos,

109 3298 147 3359 Et
159 3301 251 3364 Vario
267 3304 363 3365 cessit
376 3304 505 3365 Romani
518 3303 612 3366 laude
627 3306 787 3382 cothurni,

149 3385 221 3447 Cum
235 3394 345 3469 posset
358 3392 475 3468 tragico
490 3390 602 3449 fortius
618 3408 673 3449 ore
687 3388 784 3468 loqui.

111 3467 221 3531 Aurum
234 3479 267 3532 et
281 3490 357 3552 opes
372 3479 405 3531 et
418 3493 492 3533 rura
505 3473 656 3553 frequens
672 3472 799 3534 donabit
812 3473 941 3532 amicus:

77 3554 104 3607 10
148 3553 204 3629 Qui
219 3556 294 3618 velit
310 3558 434 3636 iugenio
451 3555 585 3637 cedere,
607 3577 696 3619 rurus
711 3560 851 3700 eritw
