2442 4209
19 315 22 322 ’
124 323 171 390 se
349 343 358 358 ·
453 321 497 384 m.
515 320 605 384 vau.
623 319 852 382 mansuerus

212 477 330 538 Trunci
344 476 471 536 naribus
486 475 672 553 auribusque
685 472 796 536 uoltus.

126 601 133 614 ·
212 561 325 623 credis
339 567 372 621 te
386 559 461 620 satis
477 577 546 620 esse
563 559 775 620 vindicatum?

184 646 321 708 elimas:
342 645 402 705 iste
417 649 522 725 potest
536 649 569 704 et
582 644 747 708 irrumare.

498 793 499 796 ’
566 793 732 858 LXXXIV.

212 910 318 976 Mollia
333 917 401 973 erat
416 911 580 992 saellisque
596 911 671 972 viris
685 911 854 973 Poeantius
870 913 980 976 heroa:

256 995 401 1060 Volnera
409 999 453 1058 Ic
466 994 589 1057 Paridis
606 995 721 1056 dicItur
738 997 802 1058 ulta
817 998 933 1059 Venus.

208 1083 277 1144 Cur
289 1079 388 1160 liugat
403 1100 535 1141 cunnum
550 1078 673 1140 Siculus
689 1079 865 1161 Sertorius,
887 1084 947 1143 hoc
962 1089 1029 1145 est:

255 1166 319 1226 Abs
331 1166 391 1227 huc
406 1166 542 1244 occisus,
564 1164 663 1244 Rufe,
684 1164 810 1226 videtur
824 1167 919 1248 Eryx.

575 1311 727 1376 LXXXV.

210 1435 335 1498 Vimine
350 1433 434 1495 clusa
447 1435 509 1497 levi
524 1435 632 1495 niueae
648 1432 788 1494 custodia
803 1440 927 1513 coctae,

254 1519 322 1580 Hoc
336 1519 396 1580 tibi
411 1517 537 1579 Saturni
552 1525 695 1598 tempore
714 1538 823 1580 munus
840 1521 911 1581 erit.

209 1603 297 1664 Dona
312 1602 395 1682 qnod
409 1603 535 1664 aestatis
550 1604 619 1662 misi
633 1603 690 1662 tibi
706 1621 813 1664 mense
827 1601 1012 1682 Decembri,

255 1687 289 1747 Si
305 1690 463 1767 quereris,
485 1706 585 1747 rasam
599 1692 633 1747 tn
648 1687 724 1748 mihi
738 1688 828 1748 mltte
844 1692 954 1767 togam.

565 1835 730 1900 LXXXVI.

209 1953 302 2031 Quod
316 1973 374 2014 nec
391 1955 526 2014 carmine
541 1952 658 2033 glorior
675 1955 785 2034 supino

211 2039 277 2098 Nec
291 2043 378 2099 retro
391 2035 463 2117 lego
479 2037 617 2098 Sotaden
632 2037 810 2115 cinaedum,

212 2123 366 2199 Nusquam
381 2120 533 2184 Graecula
550 2121 634 2202 qnod
647 2127 788 2182 recantat
801 2121 879 2182 echo

212 2205 277 2266 Nec
293 2204 390 2266 dIctat
403 2207 478 2266 mihi
493 2204 669 2268 luculentus
682 2207 766 2267 Attis

188 2287 348 2352 eMullem
362 2289 526 2353 debilitate
541 2290 744 2371 galliambon:

213 2374 283 2434 Nou
297 2394 380 2453 sum,
403 2372 558 2455 classice,
579 2382 642 2437 tam
657 2374 755 2436 malus
768 2380 873 2454 poeta.

212 2457 312 2536 Quid,
334 2460 359 2519 si
378 2477 437 2539 per
451 2458 583 2540 graciles
597 2462 661 2520 vias
675 2459 797 2542 petauri

213 2543 344 2604 Invitum
357 2544 464 2605 iubeas
481 2544 728 2624 subireLadan‘I

213 2627 321 2708 Turpe
337 2634 384 2688 est
400 2627 546 2689 difficiIes
561 2630 678 2690 habere
691 2647 787 2707 nugas

171 2711 252 2774 solit
266 2710 380 2773 stultus
391 2712 479 2773 labar
494 2717 544 2773 est
557 2714 752 2793 ineptiarum.

213 2795 337 2857 Scribat
350 2797 485 2857 earmina
499 2796 624 2857 circulis
638 2796 819 2874 Palaemon,

210 2879 267 2942 Me
282 2882 362 2941 raris
375 2881 457 2942 iuvat
471 2881 596 2942 auribus
610 2879 746 2962 placere.

557 3029 735 3092 LXXXVII.
801 3035 805 3044 '

105 3177 111 3192 ·
211 3139 297 3200 ilicis
313 3160 417 3204 amore
431 3144 477 3203 tui
492 3141 591 3204 bellas
606 3141 719 3205 ardere
733 3142 870 3225 puellas,

255 3224 314 3301 Qui
328 3225 440 3288 faciem
455 3229 512 3289 sub
526 3247 620 3309 aqua,
641 3227 753 3308 Sexte,
774 3227 909 3289 natantis
921 3226 1029 3287 habes.

548 3367 740 3441 LXXXVIII.

207 3482 263 3547 ΝΠ
278 3488 391 3548 recitas
408 3493 440 3549 et
453 3489 515 3569 vis,
536 3491 710 3571 Mamerce,
732 3497 826 3572 poeta
839 3489 950 3554 videri.

255 3570 414 3653 Quidquid
428 3573 474 3636 ris
489 3581 573 3654 esto,
596 3575 761 3663 dnmmodo
776 3573 822 3637 nil
835 3576 962 3638 recites.
1086 3615 1091 3622 ·
