2442 4209
126 348 188 415 2³6
447 344 493 406 M.
508 342 601 407 VAL.
617 342 847 405 mouimus

209 510 323 569 Omnes
340 494 506 578 Sulpiciam
521 495 629 575 legant
641 496 762 573 mariti,

207 592 269 653 Uni
282 588 336 670 qui
352 582 480 663 cupiunt
493 579 619 661 placere
632 585 757 660 nuptae.

186 676 277 738 tNon
295 672 373 732 inec
390 663 559 727 Colchidos
574 665 687 725 asserit
696 662 853 741 furorem,

206 758 274 818 liiri
290 748 421 832 prandia
435 766 494 809 neo
508 748 611 809 refert
625 748 802 827 'l'lsycstse3

210 834 357 917 Scyllam,
377 831 509 913 Byblida
520 850 580 893 nec
592 832 692 899 fuisse
706 828 824 911 credit,

209 918 273 981 Sed
287 924 387 980 castos
402 916 496 978 docet
510 923 543 977 ct
556 916 626 997 pios
642 934 777 995 amores,

207 1005 322 1082 Lusus,
345 999 474 1063 delicias
486 1001 687 1079 facetiaeque.

170 1089 304 1155 loculus
318 1088 454 1147 carmina
471 1087 524 1164 qui
539 1087 620 1146 bene
634 1084 822 1162 aestimarit,

207 1170 327 1233 Nullam
344 1170 459 1231 dixerit
473 1186 543 1230 csse
557 1171 761 1248 sanctiorem,

208 1254 332 1317 Nullam
346 1254 460 1315 dixerit
475 1272 545 1314 esse
559 1254 752 1332 nequiorem.

211 1339 305 1401 'l'ales
319 1339 453 1418 Egeriae
466 1340 552 1398 iocos
567 1338 666 1397 iuissc

209 1423 280 1485 Udo
297 1422 485 1484 crediderim
500 1422 618 1482 Numae
634 1423 689 1482 sub
705 1427 803 1485 antro.

168 1508 275 1571 lollac
290 1506 501 1587 condiscipulo
515 1505 567 1567 vel
579 1506 638 1566 hac
651 1507 797 1585 magistra

210 1592 304 1652 Esses
318 1589 439 1652 doctior
455 1599 488 1651 et
501 1590 629 1672 pudica,
651 1590 792 1671 Sappho:

212 1674 275 1737 Sed
290 1681 392 1735 tecum
407 1676 527 1755 pariter
541 1674 696 1754 simulque
710 1675 804 1734 visam

212 1762 313 1821 llurus
328 1758 494 1841 Sulpiciam
509 1758 618 1819 Phaon
633 1766 756 1819 amarat.

210 1844 355 1906 Frustra:
377 1862 510 1923 namque
527 1861 564 1903 ea
578 1862 638 1903 nec
652 1842 805 1903 Tonantis
820 1862 915 1920 uxor,

168 1930 274 1991 20Nec
288 1930 418 2005 Bacchi,
438 1946 497 1987 nec
511 1925 669 2006 Apollinis
686 1925 790 2006 puella

81 2068 84 2075 .
212 2013 331 2093 Erepto
346 2013 405 2073 sibl
419 2013 539 2073 viveret
553 2010 680 2072 Caleno.

580 2145 719 2208 XXXVI„

212 2257 354 2337 Improba
368 2257 527 2319 Massiliae
544 2256 696 2339 quidquid
712 2258 843 2317 fumaria
858 2262 986 2336 cogunt,

254 2341 377 2421 Accipit
390 2348 523 2403 oetatem
538 2344 678 2422 quisquis
693 2343 730 2403 ab
745 2343 818 2421 igne
833 2340 944 2419 cadus,

211 2427 239 2485 A
252 2432 302 2503 te,
323 2425 456 2504 Munna,
477 2428 579 2487 venit:
601 2428 725 2486 miseris
741 2432 777 2484 tu
790 2425 888 2486 mittis
905 2426 1009 2485 amieis

38 2578 41 2586 ,
115 2546 124 2561 a
253 2509 315 2569 Per
329 2510 427 2589 ireta,
448 2528 506 2591 per
520 2507 631 2588 longas
645 2511 746 2571 toxica
759 2528 849 2570 saeva
863 2511 947 2584 uias3

189 2592 278 2656 tNec
290 2593 374 2653 lucili
389 2596 510 2675 pretio,
531 2593 588 2654 sed
604 2615 664 2673 quo
680 2600 827 2655 contenta
839 2592 968 2654 Falerni

254 2677 350 2738 'l'eata
364 2680 405 2738 sit
420 2686 471 2739 aut
486 2677 575 2739 cellis
591 2679 678 2739 Setia
692 2699 762 2737 cara
777 2680 848 2739 suis.

211 2762 279 2822 Nou
294 2764 398 2821 venias
415 2782 511 2842 quare
525 2770 587 2822 tam
601 2762 695 2841 longo
710 2770 852 2842 tempore
866 2762 1010 2840 Romam,

253 2846 340 2906 llaec
356 2852 432 2928 puto
447 2866 536 2907 causa
551 2847 610 2907 tibi
624 2854 674 2906 est
681 2890 690 2925 ,
712 2865 752 2905 ue
765 2853 819 2906 tua
832 2848 902 2906 vina
915 2847 1013 2907 bibas.

573 2980 724 3043 XXXVll.

211 3093 290 3153 luris
306 3100 339 3153 et
354 3110 518 3170 aequorum
532 3090 633 3153 cultor
648 3092 842 3152 sanctissime
856 3090 976 3170 legum,

254 3175 402 3239 Veridico
417 3176 538 3239 Latium
553 3178 605 3255 qui
620 3178 705 3255 regis
720 3194 776 3237 ore
790 3176 910 3252 forum,

212 3260 381 3340 Municipi,
402 3259 562 3341 Materne,
582 3267 636 3319 tuo
650 3262 813 3339 veterique
828 3259 926 3320 sodali

255 3342 423 3405 Colldicum
438 3344 563 3405 mandas
579 3344 682 3423 siquid
697 3344 735 3404 ad
749 3345 923 3420 Oceanum,
945 3358 947 3364 ·

190 3431 263 3491 idn
276 3428 465 3488 Laurentino
479 3436 588 3509 turpes
601 3430 635 3488 in
647 3427 743 3489 litore
757 3448 848 3487 ranas

252 3513 293 3573 Ei
308 3513 402 3573 satius
416 3520 527 3573 tenues
541 3512 657 3573 ducere
672 3512 775 3572 credis
792 3530 880 3588 scos,

212 3596 262 3657 nd
277 3618 330 3657 suo
344 3598 495 3674 captivum
512 3616 600 3674 quum
616 3616 686 3657 saxa
698 3597 863 3656 remittere
876 3590 1022 3674 mullum,
