2442 4209
278 325 622 389 EPIGRAMMATON
634 326 709 389 Llll.
728 326 807 403 Vlll.
1004 323 1065 395 177

109 476 173 536 Non
187 482 258 535 sunt
273 475 350 535 haec
364 436 537 553 hominum,
559 475 761 553 Germanice,
785 439 896 555 gaudia
909 481 1045 557 tanturn,

149 558 211 619 Sed
224 559 343 619 iaciunt
356 560 417 639 ipsi
430 578 529 638 nunc,
549 566 643 640 puto,
664 578 751 619 sacra
766 559 827 624 dei.

524 692 560 755 V.

109 811 183 870 llum
198 808 310 886 donas,
333 807 457 885 Macer,
480 806 586 868 anulos
601 806 731 887 puellis,

109 894 236 969 Desisti,
257 892 383 969 Macer,
405 889 513 951 anulos
527 892 655 953 hahere.
756 970 761 978 Ἴ

477 1076 484 1089 .
518 1025 569 1086 Vl.

108 1139 291 1217 Archetypis
305 1136 401 1197 vetuli
414 1137 493 1198 nihil
508 1144 556 1198 est
572 1137 709 1199 odiosius
722 1137 815 1199 Eucti

146 1223 292 1283 -Ficta
307 1221 475 1299 Saguntino
491 1223 610 1301 cymbia
625 1220 706 1282 malo
720 1222 786 1283 luto
800 1256 859 1301 -,
974 1267 976 1271 ,
1080 1285 1085 1293 ,

108 1308 235 1386 Argenti
248 1306 368 1365 innuosa
382 1308 429 1366 sui
445 1326 513 1366 cum
528 1312 689 1366 stemmata
704 1314 811 1366 narrat

147 1388 298 1451 Garrulus
313 1395 347 1449 et
359 1392 463 1450 verbis
477 1389 597 1450 mucida
611 1392 682 1450 vina
696 1389 782 1450 iecit.

90 1473 379 1553 5„Laomedonteae
393 1474 519 1535 inerant
533 1474 610 1535 haec
625 1473 737 1554 pocula
751 1493 892 1536 mensae:

146 1560 261 1619 Ferret
274 1563 308 1618 ut
321 1559 416 1637 haec,
438 1577 541 1619 muros
558 1560 670 1618 struxit
684 1556 797 1638 Apollo
810 1557 889 1639 lyra.
947 1603 952 1611 .

109 1644 172 1703 Hoc
190 1648 313 1703 cratere
327 1643 417 1703 ferox
432 1643 584 1703 commisit
597 1641 716 1722 praelia
730 1643 874 1704 Rhoecus
987 1637 991 1645 ’

148 1728 225 1788 (lum
241 1726 397 1807 Lapithis:
419 1746 521 1807 pugna
536 1723 641 1787 debile
656 1727 759 1787 cernis
775 1747 861 1808 opus.

108 1812 147 1871 lli
162 1811 222 1871 duo
236 1808 387 1890 longaevo
406 1817 575 1870 censentur
588 1810 723 1871 Nestore
736 1809 840 1871 fundi:

76 1904 104 1959 10
146 1893 266 1955 Pollice
281 1892 322 1954 de
335 1892 426 1974 Pylio
441 1895 520 1955 trita·
533 1893 674 1954 columba
688 1896 777 1954 nitet.

109 1980 164 2039 Hic
177 1981 312 2059 scyphus
328 1986 393 2055 est,
414 1980 447 2037 in
464 1998 523 2058 quo
538 1979 663 2039 misceri
676 1980 766 2038 iussit
782 1980 887 2040 amicis

146 2064 275 2143 Largius
291 2062 444 2123 Aeacides
458 2060 651 2142 vividiusque
665 2081 793 2124 merum.

109 2148 169 2208 Hac
183 2148 362 2229 propinavit
376 2145 478 2206 Bitiae
492 2145 703 2227 pulcherrima
715 2146 795 2207 Dido

147 2233 178 2291 ln
192 2242 318 2312 patera,
339 2232 476 2310 Phrygio
492 2251 559 2290 eum
574 2230 647 2292 datu
660 2249 736 2290 cena
750 2232 816 2291 viro
835 2231 915 2292 est.“

77 2315 235 2375 ltMiratus
250 2316 349 2375 fueris
365 2334 434 2374 eom
449 2312 553 2393 prisca
566 2321 740 2375 toreumata
754 2314 900 2392 multum,

147 2401 177 2459 ln
191 2399 309 2459 Priami
324 2396 454 2459 calathis
468 2399 655 2477 Astyanacta
668 2400 766 2460 bibes.

515 2548 579 2611 Vll.

109 2663 171 2723 Hoc
185 2682 281 2742 agere
301 2671 350 2724 est
365 2682 487 2741 causas,
508 2663 568 2723 hoc
584 2662 708 2740 dicere,
732 2663 847 2740 Cinna,
870 2661 990 2724 diserte

145 2748 256 2824 Horis,
280 2748 394 2825 Cinna,
412 2746 521 2807 decern
537 2745 644 2806 dicere
658 2748 753 2807 verba
766 2747 897 2807 novem?

110 2830 167 2891 Sed
181 2830 274 2892 modo
290 2829 472 2912 clepsydras
488 2832 609 2909 ingenti
622 2832 821 2911 rocepetlsti
911 2873 918 2886 .

23 2940 24 2945 ¹
151 2916 313 2992 Quattuor.
344 2915 550 2994 0qnnntnm,
573 2916 688 2993 cinno,
709 2921 815 2975 tacere
828 2914 936 2995 potes!

507 3050 586 3113 Vlll.

23 3158 25 3231 l
109 3160 295 3241 Principium
312 3160 385 3241 des,
406 3163 494 3238 lane,
517 3160 593 3221 lieet
606 3159 764 3221 velocibus
779 3161 883 3238 annis,
988 3162 995 3168 ’

23 3250 24 3313 i
147 3244 187 3304 ht
201 3260 335 3306 renoves
348 3245 434 3306 voltu
448 3243 571 3306 saecula
584 3244 677 3322 longa
690 3249 763 3319 tno;

23 3338 24 3391 Ξ
46 3372 50 3385 .
111 3327 155 3387 Tc
169 3331 301 3409 primum
316 3330 368 3409 pia
382 3337 452 3391 tura
465 3337 595 3408 rogent,
618 3334 650 3387 te
665 3336 736 3387 voto
750 3326 910 3406 salutent,

23 3406 24 3427 l
148 3414 288 3493 Purpura
302 3420 335 3473 te
349 3411 442 3493 lelix,
463 3421 497 3474 te
512 3411 595 3473 colut
610 3413 708 3472 omnis
724 3414 838 3472 honos:

92 3495 159 3554 5'ln
173 3504 275 3557 tamen
289 3498 350 3557 hoc
365 3500 475 3576 mavis,
495 3498 603 3558 Latiae
623 3494 708 3575 qnod
722 3497 854 3574 contigit
866 3494 953 3573 urbi,

148 3580 257 3641 Mense
272 3587 327 3642 tuo
344 3580 510 3660 reducem,
532 3580 622 3657 lune,
645 3578 754 3640 videre
770 3578 871 3639 deum.

112 3663 213 3725 Maur.
822 3662 862 3721 12
