2442 4209
269 374 608 437 EPIGRAMMATON
623 374 698 436 LIB.
714 374 765 437 iv.
995 370 1038 442 97

74 534 241 597 iilrmorum
256 526 329 591 Salo
345 535 537 611 temperator
552 528 663 588 ambit:

102 614 287 695 Tutelrmque
307 614 481 694 chorosque
495 610 708 690 Rixamarum,

100 701 132 760 lit
143 699 271 760 convivia
285 696 367 758 lecta
386 697 592 775 Carduarum,

100 785 133 844 iit
143 785 229 845 tertia
243 783 392 843 Peterum
406 784 487 843 roais
500 782 682 857 rubentem,

100 869 185 947 itque
200 868 324 946 antiqua
337 873 459 947 patrum
473 866 595 928 theatra
608 864 718 942 Rigas,

72 952 131 1013 aoiot
142 957 237 1012 certos
250 949 351 1011 iaculo
367 949 429 1011 leri
446 947 562 1026 Silaos,

101 1036 296 1115 Turgontique
310 1033 395 1095 lacus
409 1030 635 1113 Perusiaeque,

100 1119 133 1179 iot
143 1138 249 1201 panae
264 1118 341 1179 vada
355 1132 434 1199 pura
447 1118 649 1194 Vetoniasae,

100 1204 132 1263 ut
145 1210 276 1265 sanctum
290 1201 461 1263 Buradonis
474 1200 630 1279 ilicetum,

100 1287 149 1347 Per
160 1288 240 1369 quod
255 1286 306 1347 vel
319 1289 410 1367 piger
423 1282 558 1347 ambulat
570 1287 687 1358 viator3

71 1372 131 1432 aiio
143 1391 213 1451 quac
226 1373 361 1433 fortibus
376 1368 490 1431 excolit
503 1370 639 1430 iuvencis

102 1456 202 1516 Curvae
215 1454 353 1517 Manlius
370 1474 439 1514 arva
455 1454 645 1517 Vativescae.

100 1540 170 1599 Haec
182 1547 242 1601 tam
256 1540 386 1613 rustica,
411 1537 542 1598 delicate
558 1536 674 1614 lector,

99 1622 179 1683 Rides
192 1623 333 1685 aomina?
356 1621 457 1683 rideas
472 1621 589 1684 licebit.

100 1708 170 1767 Haec
184 1714 243 1768 tam
257 1708 373 1768 rustica
386 1705 482 1784 malo,
503 1724 591 1785 quam
606 1706 768 1769 Rutuutoa.

476 1863 553 1931 LVI.

99 1994 216 2055 Munera
230 1994 312 2075 quod
326 1996 451 2057 senibus
466 1992 628 2075 viduisque
642 1994 780 2073 iugentia
794 1994 891 2053 mittis

132 2080 183 2141 Vis
196 2086 227 2140 te
242 2080 433 2158 munificum,
455 2077 650 2158 Gargiliaue,
671 2077 799 2139 vocem?

98 2162 243 2224 Sordidius
256 2160 335 2223 nihil
349 2169 413 2241 est,
434 2160 514 2223 nihil
529 2169 578 2226 est
591 2170 624 2222 te
638 2162 778 2242 spurcius
792 2182 870 2241 uuo,

133 2248 187 2324 Qui
199 2253 288 2328 potes
303 2246 432 2308 insidias
449 2245 530 2308 dona
543 2265 655 2307 vocare
669 2252 747 2306 tuas.

82 2328 142 2391 asir
156 2330 247 2392 avidis
262 2330 354 2391 fallax
368 2330 509 2409 indulget
523 2332 662 2411 piscibus
679 2330 803 2407 bamus,

136 2414 248 2476 Callida
260 2417 305 2476 sic
321 2412 432 2476 stultas
448 2414 566 2495 deciplt
580 2433 652 2475 esca
667 2414 763 2479 ieras.

101 2498 170 2574 Quid
182 2500 223 2560 sit
234 2498 360 2579 largiri,
383 2496 457 2579 quid
472 2500 513 2559 ait
526 2497 662 2576 donare,
684 2497 818 2575 docebo,

134 2583 163 2643 Si
177 2585 291 2645 nescia:
313 2582 409 2661 dona,
432 2582 626 2662 Gargiliane,
647 2582 732 2645 mibi.

467 2746 558 2811 LVll.

97 2869 162 2930 bum
177 2892 231 2933 nos
245 2871 358 2933 blanda
371 2880 482 2934 teuent
494 2872 599 2933 lascivi
613 2879 720 2950 stagna
733 2870 860 2930 Lucrini

131 2956 168 3014 Et
182 2976 257 3035 quae
271 2958 421 3038 pumiceis
434 2958 573 3018 fontibus
587 2962 675 3015 antra
689 2951 809 3031 calent,

98 3036 139 3097 'iu
151 3037 224 3100 colia
239 3042 334 3119 Argei
347 3060 493 3120 reguum,
514 3040 682 3116 Nauatiue,
704 3037 823 3115 coloni,

131 3123 193 3199 Quo
208 3131 239 3184 te
253 3126 302 3185 bis
318 3124 454 3185 decimus
469 3123 554 3183 ducit
569 3125 605 3183 ab
624 3124 701 3183 urbe
715 3120 803 3203 lapis.

81 3204 220 3268 iliorrida
232 3208 288 3269 aed
302 3209 425 3269 lervent
439 3208 584 3268 Nemeaei
597 3212 725 3287 pectora
739 3209 884 3287 monstri,

129 3290 190 3351 Nec
202 3294 275 3354 satis
290 3299 355 3371 est,
376 3294 465 3353 Baias
478 3294 552 3371 igne
567 3289 671 3352 calere
686 3310 751 3352 suo.

96 3371 168 3453 Ergo
183 3380 261 3438 sacri
274 3378 378 3437 fontes
393 3384 426 3438 et
438 3375 534 3437 litura
549 3380 639 3455 grata'
648 3373 783 3453 valete,

129 3459 331 3541 Nympharum
344 3463 463 3543 pariter
477 3459 706 3539 Nereidumque
720 3458 836 3520 domus.

96 3540 255 3606 Herculeos
268 3544 365 3606 colles
383 3545 486 3625 gelida
499 3564 553 3604 vos
566 3545 683 3604 vincite
696 3544 819 3615 bruma,

30 3672 31 3675 ,
68 3626 211 3767 ltMNuuc
227 3629 401 3691 Tiburtinis
416 3628 518 3691 cedite
535 3628 713 3706 frigoribus,
810 3706 829 3768 7

125 3729 191 3772 aaa.
