2442 4209
270 361 614 426 EPIGRAMMATON
627 364 703 428 LlB.
719 364 756 427 11.
995 363 1039 432 58

94 517 180 595 Quem
193 537 255 578 nnn
268 516 405 578 lacernis
418 513 547 578 Publius
563 536 650 578 mene
664 519 779 597 vineit,

93 603 149 662 Non
162 605 227 683 lpee
242 601 366 662 cordua
381 600 472 681 alpha
484 600 738 681 paenulatorum,

77 686 179 763 §Quem
192 703 269 766 grex
283 692 406 764 togatus
421 687 562 764 requitur
576 693 610 746 et
625 684 787 766 capillatus

93 771 261 849 Recensque
280 767 357 831 aella
371 767 539 846 linteisque
552 766 710 848 larisque:

94 855 302 936 Oppigneravit
315 849 406 912 mode
421 852 512 912 modo
528 852 566 913 ad
582 851 672 914 claui
687 872 823 916 menaam

92 939 142 1000 vn
155 945 222 1000 oete
237 939 369 998 nummi·
386 935 525 1016 anulum,
544 937 628 997 uude
644 945 781 1003 cenaret,

461 1049 578 1134 uviu'

93 1186 211 1246 Pexatus
224 1185 357 1267 pulchre
371 1183 457 1245 rides
471 1203 555 1263 mea,
577 1182 687 1265 Zoile,
708 1187 794 1246 trita.

126 1269 198 1330 Sunt
210 1271 289 1330 haee
306 1272 382 1330 trita
396 1266 538 1348 quidem,
559 1269 666 1348 Zoile,
689 1269 744 1330 aed
760 1288 828 1330 mea
842 1276 922 1331 aunt.

477 1404 554 1469 Llll.

93 1516 163 1576 blica
176 1535 286 1578 vocor:
310 1514 385 1593 quid
398 1517 455 1575 aim
471 1517 589 1590 cernit,
612 1518 735 1578 cenatio
749 1535 858 1597 parva:

126 1602 167 1661 lla
180 1619 228 1660 me
245 1601 432 1661 caesareum
445 1602 598 1681 prospicit
613 1619 688 1660 ecee
702 1599 834 1661 tholum.

93 1679 200 1764 Frange
214 1691 320 1762 torna,
341 1694 416 1764 pete
430 1686 516 1762 vina,
536 1703 623 1745 rosae
639 1702 732 1765 cape,
752 1687 876 1764 tingere
890 1682 1005 1745 nardoa

126 1770 190 1850 ipae
204 1770 294 1829 iubet
308 1769 417 1828 mertia
431 1774 464 1827 te
480 1771 656 1829 meminisse
672 1769 758 1830 elene.

487 1903 553 1966 LX.
631 1919 634 1922 ’

92 2017 212 2076 Uxorem
228 2017 337 2076 armati
352 2017 464 2095 fatuis,
482 2034 561 2097 puer
575 2014 690 2096 Hylle,
711 2017 838 2077 tribuni.

22 2091 25 2114 '
127 2100 312 2182 Supplicium
326 2105 445 2160 tantum
459 2120 532 2160 num
546 2099 668 2182 puerile
683 2101 797 2160 times?

23 2257 24 2262 γ
93 2184 148 2245 Vae
161 2187 233 2262 tibi,
255 2184 328 2244 alum
340 2183 441 2262 ludis,
464 2186 651 2246 caetrabere.
680 2185 742 2245 lam
757 2183 831 2244 mihi
847 2183 933 2244 ‹lieea

23 2269 24 2296 ¹
126 2268 210 2346 „Non
220 2268 298 2329 lieet
309 2270 401 2330 boc.“
422 2269 527 2345 Quid?
540 2275 576 2330 tu
588 2266 670 2350 quud
681 2268 774 2346 faeie,
791 2266 903 2348 Hylle,
916 2265 1017 2327 lieet?

476 2417 553 2482 Llll.

24 2591 25 2594 ,
93 2529 159 2588 Gum
171 2529 229 2589 tibi
242 2535 413 2589 vernarent
426 2529 518 2590 dubia
531 2529 677 2608 lanugine
692 2527 807 2608 malae,
899 2601 908 2614 .

126 2612 292 2673 Lambebat
309 2611 428 2673 medio·
441 2616 582 2695 improba
595 2613 703 2694 lingua
714 2615 808 2678 riroe.

24 2699 25 2702 ’
91 2697 246 2777 Postquam
260 2697 353 2757 triete
368 2705 460 2779 eaput
471 2698 597 2759 fastidia
608 2696 809 2778 vispillonum
834 2698 838 2707 “

127 2781 165 2840 lit
179 2782 286 2841 miseri
301 2783 415 2843 meruit
428 2782 531 2843 taedia
544 2783 715 2860 carnificio,

78 2864 191 2924 tUterie
206 2884 262 2926 ore
278 2863 372 2926 aliter
386 2867 541 2946 nimiaque
559 2868 707 2944 aerugine
722 2871 830 2946 eaptus

127 2947 258 3010 Allatraa
272 2967 387 3011 nomen
401 2948 485 3030 quod
498 2952 557 3011 tibi
571 2968 693 3029 cunque
709 2948 809 3011 datur.
852 2957 855 2964 '
913 3023 916 3026 ἦ

93 3032 217 3094 Haereat
229 3035 407 3112 inguinibus
419 3035 523 3116 potina
538 3040 601 3097 tarn
615 3035 705 3095 nuxia
717 3031 837 3114 lingua:

126 3117 282 3178 Nemeum
297 3115 441 3198 falleret,
460 3121 568 3199 purior
581 3117 639 3179 illa
651 3117 721 3181 fuit.
806 3115 809 3119 ’

474 3251 566 3316 LXll.

94 3363 173 3440 Quod
183 3375 309 3448 peetus,
331 3365 416 3448 qnod
430 3387 520 3427 erura
532 3367 609 3445 tibi,
632 3363 714 3445 quod
728 3366 854 3427 brachia
867 3364 973 3446 vellis,

129 3450 214 3526 Quod
229 3454 330 3512 cineta
345 3459 395 3512 eet
408 3453 554 3512 brevibus
569 3450 705 3512 mentula
720 3459 810 3510 tenea
823 3446 914 3531 pilia:

92 3530 151 3592 Hae
161 3544 316 3615 praestan,
329 3535 485 3614 Labiene,
500 3535 698 3612 tuae-quia
708 3535 832 3595 nescit?
841 3569 877 3578 -
887 3535 1011 3595 amicae.

128 3618 181 3678 cai
196 3627 336 3699 praeatae
350 3615 452 3678 nulum
469 3613 568 3698 quod,
589 3617 745 3695 Labiene,
766 3615 869 3697 pilae?
