2442 4209
319 274 658 336 EPIGRAMMATON
670 276 743 337 LlB.
759 277 795 337 Χ.
1021 278 1085 346 247

88 428 190 490 loNeo
210 446 288 507 quae
302 426 430 507 paludes
446 425 579 487 delicata
593 428 773 508 Pomptinas

125 512 173 573 Ex
187 530 257 573 arce
274 510 344 572 clivi
359 518 480 591 spectat
492 532 548 571 uva
563 511 672 573 Setini.

126 594 207 673 Quid
220 598 432 677 concupiscam
448 598 570 673 quaeris
585 596 684 674 ergo?
705 595 851 694 dormire.

410 702 415 711 '
503 706 625 768 LXXV.

125 806 211 867 Milia
224 808 334 885 viginti
349 804 500 887 quondam
516 824 564 865 me
580 803 670 865 Galla
684 808 826 886 poposcit

166 892 223 969 nt,
242 892 359 969 fateor,
379 909 487 969 magno
502 909 564 949 non
579 897 648 949 erat
662 887 716 950 illa
728 892 828 951 nimis.

126 976 231 1035 Annus
246 976 324 1035 abit:
347 975 420 1052 „Bis
436 975 528 1053 quina
543 973 630 1033 dabis
645 976 829 1052 sestertia,“
845 974 931 1039 dixit.

167 1060 301 1119 Poscere
314 1057 385 1138 plus
400 1059 463 1141 visa
477 1066 526 1118 est
542 1077 630 1137 quam
645 1060 732 1137 prius
746 1056 800 1119 illa
816 1060 899 1119 mihi.

103 1142 183 1203 olam
198 1141 259 1202 duo
276 1144 417 1223 poscenti
431 1150 503 1222 post
517 1148 636 1202 sextum
653 1141 737 1201 milia
750 1161 887 1204 mensem

165 1225 255 1287 Mille
271 1225 378 1287 dabam
393 1246 540 1287 nummos.
570 1224 679 1285 Noluit
693 1228 844 1306 accipere.

128 1310 327 1370 Transierant
341 1311 432 1370 binae
445 1311 551 1370 forsan
569 1310 709 1371 trinaeve
723 1309 897 1389 Kalendae,

165 1394 316 1455 Aureolos
331 1392 415 1453 ultro
432 1402 576 1473 quattuor
589 1396 657 1473 ipsa
670 1395 759 1474 petit.

127 1478 190 1538 Non
205 1477 354 1539 dedimus.
385 1479 515 1538 Centum
530 1478 621 1537 iussit
634 1496 683 1537 me
698 1479 824 1538 mittere
839 1498 996 1555 nummos3

96 1570 127 1622 ιο
172 1562 233 1623 Sed
247 1566 311 1623 visa
326 1570 375 1623 est
390 1564 479 1622 nobis
494 1563 571 1621 haec
586 1581 709 1641 quoque
725 1582 841 1624 summa
855 1566 964 1643 gravis.

129 1645 268 1727 Sportula
280 1667 336 1707 nos
350 1648 449 1707 iunxit
462 1645 683 1725 quadrantibus
698 1647 784 1708 arida
798 1655 939 1724 centum;

165 1731 252 1791 Hanc
266 1732 376 1791 voluit:
397 1749 494 1811 puero
511 1729 641 1790 diximus
656 1750 725 1791 esse
740 1730 851 1795 datam.

126 1813 252 1875 iuferius
268 1813 417 1894 numquid
430 1816 533 1895 potuit
547 1813 765 1875 descendere?
785 1817 891 1895 fecit„

166 1899 223 1959 ilat
236 1900 348 1978 gratis,
368 1897 450 1959 ultro
468 1897 520 1957 dat
536 1899 611 1958 mibi
626 1898 730 1958 Galla:
752 1920 842 1980 nego.

494 2010 629 2072 LXXVI.

127 2108 205 2187 lloc,
226 2109 380 2187 Fortuna,
400 2109 457 2169 tibi
472 2107 596 2169 videtur
611 2110 766 2189 aequum?

127 2192 204 2252 (livio
217 2212 279 2253 non
294 2194 440 2272 Syriaeve
454 2194 656 2271 Parthiaeve,

126 2276 188 2335 Nec
205 2275 244 2337 de
257 2276 449 2357 Cappadocis
465 2296 562 2357 eques
578 2280 718 2354 catastis,

129 2360 187 2419 Sed
201 2359 239 2421 dc
252 2362 348 2441 plebe
362 2363 451 2422 Remi
467 2364 646 2439 Numaeque
659 2381 771 2439 verua,

108 2443 289 2524 blucundus,
308 2449 438 2525 probus,
460 2448 609 2507 innocens
625 2448 755 2523 amicus,

128 2527 237 2607 Lingua
252 2529 360 2591 doctus
375 2537 522 2610 utraque,
545 2532 631 2591 cuius
645 2550 739 2590 uuum
754 2537 817 2609 est,

129 2612 186 2673 Sed
199 2634 337 2693 maguum
351 2617 474 2693 vitium,
495 2614 578 2697 quod
593 2621 642 2675 eat
657 2622 767 2695 poeta,

30 2700 31 2725 ³
128 2695 209 2758 Pullo
223 2701 363 2760 Maevius
381 2699 465 2779 alget
479 2702 511 2758 iu
526 2698 658 2776 cucullo,

129 2780 223 2843 Cocco
238 2781 334 2844 mulio
349 2782 450 2863 fulget
464 2784 620 2844 lucitatus.

30 2772 32 2845 l

30 2846 32 2981 l
485 2895 634 2957 axxvn.

30 2982 32 3049 l
127 2976 258 3056 Nequius
273 3000 290 3037 a
306 2980 385 3040 (laro
401 2977 480 3039 nihil
494 2998 645 3061 unquam,
667 2979 817 3059 Maxime,
838 2978 952 3039 factum
970 2985 1035 3059 est,

165 3063 258 3139 Quam
275 3062 358 3143 quod
371 3064 461 3124 febre
477 3063 578 3145 perit:
600 3065 678 3124 fecit
692 3070 726 3123 et
738 3062 793 3123 illa
807 3064 904 3125 nefas.

127 3145 217 3206 Saeva
230 3166 348 3209 nocens
362 3149 460 3208 febris
478 3147 588 3209 saltem
604 3155 753 3228 quartana
768 3148 894 3209 fuisset!

30 3258 32 3409 ,
165 3230 286 3291 Servari
302 3231 421 3293 medico
437 3231 545 3293 debuit
561 3232 616 3293 ille
631 3252 696 3292 suo.

476 3346 639 3410 LXXVlll.

127 3441 182 3503 Ibis
195 3442 342 3523 litoreas,
364 3446 486 3525 Macer,
506 3445 651 3525 Salonas,

127 3524 181 3588 lbit
193 3550 264 3589 rara
278 3529 357 3591 fides
372 3551 518 3611 amorque
533 3534 615 3591 recti
