2442 4209
164 336 226 403 186
486 334 532 398 M.
548 331 639 395 VAL.
655 331 883 392 muninus

149 466 156 479 '
226 491 292 553 out
307 506 395 549 mane
410 484 502 545 sudus
516 487 601 545 urhis
617 484 732 545 osculis
744 484 839 563 udus,

250 576 398 651 Foroque
413 569 530 649 triplici
545 588 670 650 sparsus
685 575 757 629 ante
776 572 874 647 equos
888 587 992 629 omncs

247 656 429 734 Aedemque
444 654 555 713 Martis
571 661 604 714 et
618 652 762 713 colosson
775 654 925 732 Augusti,

250 742 359 803 Curris
373 756 431 819 per
446 756 552 798 omnes
566 740 739 817 tertiasque
754 739 949 817 quintaeque.

248 826 351 905 Rape,
373 841 523 901 congere,
546 823 651 896 aufer,
673 822 815 901 posside:
837 820 1064 902 relinquendum
1076 828 1123 880 est.
1187 863 1188 868 η

208 922 243 974 10
250 910 391 990 Superba
404 905 508 967 densis
524 927 594 966 arca
607 905 724 986 palleat
740 908 890 984 nummio,
1187 913 1188 992 t

250 995 381 1055 Centum
398 990 592 1072 explicentur
604 992 735 1071 paginae
749 990 975 1068 Kalendarum!
1186 995 1189 1032 l

251 1078 368 1137 iurabit
382 1078 492 1153 heres,
514 1083 546 1135 te
561 1074 642 1135 nihil
656 1071 838 1155 reliquisse,
1063 1127 1071 1143 ,
1188 1087 1190 1158 ξ

250 1163 412 1241 Supraque
425 1159 563 1239 pluteum
577 1167 609 1219 te
624 1162 747 1219 iacente
766 1159 816 1219 vel
830 1179 950 1236 suum,
1188 1171 1189 1232 ξ

181 1264 184 1271 ’
250 1246 363 1307 Fartus
378 1264 495 1325 papyro
510 1244 582 1303 dum
596 1245 656 1304 tihi
670 1249 759 1303 torus
774 1244 904 1320 crescit,
1188 1243 1189 1316 t

209 1330 380 1394 15Flentes
396 1330 546 1408 superbus
561 1328 693 1388 basiabit
710 1329 886 1402 eunuchos;
1188 1325 1189 1332 ’

252 1416 384 1493 Tuoque
399 1413 498 1472 tristis
511 1411 611 1489 tilius,
633 1410 712 1471 velis
727 1410 827 1489 nolis,
1189 1421 1191 1460 Ι

252 1501 329 1560 Cum
344 1498 516 1557 concuhinc
531 1502 624 1556 nocte
639 1494 775 1555 dormiet
789 1497 898 1575 prima.

635 1656 730 1718 XLV.

250 1767 375 1828 Priscus
390 1768 427 1826 ah
443 1768 590 1828 Aetnaeis
604 1769 696 1845 inihi,
718 1768 849 1844 Flacco,
868 1766 1041 1827 Terentius
1054 1766 1110 1825 oris
1190 1753 1192 1834 J

292 1850 461 1912 Redditur:
480 1852 559 1911 hanc
573 1851 673 1913 lucem
689 1852 793 1912 lactea
809 1871 928 1929 gemma
942 1858 1038 1911 notet.
1190 1873 1191 1884 ¹

250 1936 374 1995 Defluat
388 1942 422 1995 ct
434 1935 520 1995 lento
536 1934 736 2017 splendescat
750 1935 875 1996 turbida
889 1933 956 1995 lino

293 2020 451 2101 Amphora
465 2026 598 2082 centeno
615 2020 741 2081 consule
756 2021 838 2080 facta
852 2022 963 2082 minor.
1191 2087 1193 2094 ¹

229 2105 423 2182 hcontinget
438 2124 499 2164 nox
517 2106 638 2183 qusndo
652 2106 730 2165 meir
744 2111 806 2165 tum
823 2103 955 2165 candida
968 2100 1098 2164 mencio?

296 2188 374 2248 Tam
388 2190 469 2248 iusto
485 2187 607 2249 dubitur
623 2189 744 2269 qnando
761 2188 865 2249 calere
879 2189 988 2249 mero‘t

254 2273 330 2333 Cum
342 2278 390 2349 te,
409 2271 542 2350 Flacce,
564 2275 641 2334 mihi
656 2273 769 2334 reddet
785 2273 956 2353 Cythereia
970 2272 1099 2351 cypros,

293 2356 448 2417 Luxuriae
461 2357 517 2417 fiet
532 2364 594 2417 tam
610 2360 689 2418 bona
704 2377 795 2417 causa
811 2376 908 2423 meae.

639 2513 748 2579 xcvi.
793 2536 799 2544 ·

253 2639 375 2715 Quanta
387 2646 441 2699 tua
454 2646 504 2699 est
519 2642 677 2721 probitas,
698 2648 784 2701 tauta
799 2626 848 2702 est
861 2639 994 2701 infantie
1008 2639 1134 2714 formae,

173 2758 179 2768 ·
202 2746 214 2767 ·
296 2724 392 2783 Ceste
407 2742 503 2804 puer,
525 2743 623 2804 puero
641 2727 755 2787 castior
769 2724 957 2807 Hippolyto!

254 2808 302 2868 Te
319 2826 423 2867 secum
439 2808 536 2867 Diana
552 2808 630 2869 velit
647 2808 819 2889 doceatque
836 2816 963 2885 nutare,

297 2891 345 2951 Te
362 2890 480 2971 Cybele
495 2898 594 2953 totum
611 2892 721 2955 mallet
736 2895 853 2955 hahere
867 2894 1003 2973 Phryge.

230 2976 309 3049 5'1'11,
322 2975 521 3055 Ganymedeo
536 2983 662 3057 poteras
678 2978 847 3039 succedere
860 2976 963 3055 lecto,

297 3060 361 3119 Sed
376 3060 470 3121 durus
485 3060 609 3121 domino
624 3064 709 3122 basia
725 3062 791 3123 sola
805 3062 906 3124 dares.

250 3143 358 3223 Felix,
381 3164 458 3223 quac
471 3151 616 3205 tenerum
630 3149 752 3207 vexabit
771 3167 882 3226 sponsa
897 3144 1040 3206 maritum

293 3230 335 3289 Et
350 3248 429 3308 quae
445 3235 477 3289 te
493 3230 588 3291 faciet
602 3233 703 3311 prima
715 3230 822 3311 puella
836 3231 948 3291 virum!

629 3388 750 3450 XLVII.

252 3501 330 3561 Pars
345 3499 534 3561 maxillarum
548 3507 638 3561 tonsa
652 3507 700 3561 est
714 3502 789 3579 tihi,
811 3519 884 3580 parc
898 3500 957 3560 tihi
970 3518 1040 3559 rasa
1057 3505 1117 3577 est,

294 3586 371 3647 Pars
385 3583 471 3645 vulsa
485 3592 541 3645 est.
571 3586 673 3645 Unum
688 3588 759 3669 quis
770 3591 859 3665 putat
873 3603 943 3645 esse
958 3583 1071 3664 caput?
