2442 4209
471 324 516 387 M.
533 322 626 386 vAL.
643 322 869 385 munimus

640 473 688 534 Li.

228 590 304 669 llio,
328 591 380 670 qui
392 586 511 650 libellis
525 606 726 669 praegravem
742 590 824 666 gerit
841 586 973 668 laevum,

227 673 424 737 Notariorum
443 690 534 752 quem
548 673 664 753 premit
678 672 792 732 chorus
804 669 901 751 leuis,

228 757 288 833 Qui
303 756 456 818 codicillis
471 758 544 817 hine
554 762 595 816 et
608 755 683 815 iude
695 754 827 837 prolatis

227 840 439 922 Epistulisque
456 838 629 901 commodet
643 858 766 919 gravem
782 838 899 903 voltum

206 923 347 990 ssimilis
363 925 475 985 (letoni
490 922 661 1003 Tullioque
676 924 851 1003 Brutoque,

227 1011 429 1091 Exprimere,
451 1009 549 1087 Rufe,
569 1007 715 1068 fidiculae
727 1006 807 1068 licet
821 1014 953 1089 cogent,

228 1096 294 1155 Ave
310 1094 468 1170 Lutinum,
482 1100 574 1171 χαῖρε
588 1112 652 1153 non
666 1097 773 1174 potest
787 1093 951 1157 Graecum.

229 1178 263 1239 Si
277 1179 397 1257 tingere
412 1176 495 1238 istud
512 1195 562 1237 me
576 1183 682 1256 putes,
704 1176 879 1238 salutemus.

632 1310 695 1371 ml

231 1411 316 1486 Quse
331 1412 407 1472 milui
420 1410 619 1491 praestiteris
635 1411 760 1470 memini
779 1427 965 1491 semperque
979 1412 1101 1473 terrebo.

272 1497 335 1556 Gur
348 1495 444 1573 igitur
456 1501 563 1573 toeeo,
584 1494 753 1555 Postume?
786 1495 836 1554 Tu
848 1492 998 1575 loqueris.

228 1579 345 1660 incipio
361 1580 504 1659 quotiens
519 1578 609 1640 ulieui
623 1585 676 1640 tus
694 1578 929 1656 donatorem,

272 1663 420 1723 Protinus
435 1662 584 1725 exolsmut
598 1663 750 1741 „Dixerat
763 1664 831 1745 ipse
847 1663 956 1724 mihi.“

208 1747 302 1809 §Nou
317 1745 402 1807 belle
417 1745 565 1825 quseulsm
580 1746 699 1806 fuciunt
714 1745 790 1807 duo:
811 1747 929 1807 suffieit
943 1766 1023 1807 unus

271 1830 353 1891 lluio
366 1833 472 1914 operi:
494 1832 596 1908 siris,
618 1836 654 1890 ut
666 1828 794 1910 loquer,
816 1834 885 1913 ipse
901 1839 981 1892 tsee.

231 1915 335 1976 creole
351 1916 443 1994 mihi,
464 1917 599 1996 quumvis
614 1916 768 1995 ingentis,
789 1916 954 1996 Postume,
977 1915 1060 1977 (lons

272 2000 416 2059 Auctoris
432 2005 565 2079 pereunt
580 1997 763 2079 garrulitate
779 2002 835 2064 sui.

632 2134 707 2195 Llll.

233 2228 384 2293 Colchide
399 2230 474 2311 quid
488 2232 615 2308 scribis,
632 2230 707 2311 quid
722 2232 849 2310 scribis,
867 2233 981 2310 amice,
1006 2232 1183 2313 Thyesteul

274 2314 341 2391 Quo
355 2318 413 2377 tihi
428 2314 479 2375 vel
491 2314 631 2393 Nioben,
652 2315 764 2392 Busse,
784 2312 836 2375 rel
850 2315 1115 2379 Andromachen?

230 2398 365 2460 Meteris
379 2406 443 2479 est,
465 2397 670 2477 mihicrede,
692 2400 756 2460 tuis
771 2400 927 2478 aptissimo
941 2402 1060 2463 chortis

273 2482 460 2562 lieuesliou,
481 2480 532 2544 rel
548 2484 648 2543 sinon
663 2482 849 2564 placetum,
870 2484 1043 2546 Phaethon.

626 2607 704 2669 mv.

229 2705 456 2787 Extemporslis
470 2692 569 2767 iscius
584 2714 634 2767 est
647 2723 734 2767 meus
747 2707 871 2768 rhetor:

232 2786 434 2870 Calpurnium
447 2810 510 2851 non
526 2791 670 2869 scripsit,
691 2798 725 2850 et
739 2788 891 2852 salutavit.

636 2924 701 2988 LV.

229 3021 287 3081 Dio
300 3023 385 3099 mihi,
400 3041 492 3102 quem
504 3030 622 3105 portus,
636 3020 795 3083 volucrum
807 3021 937 3101 regins?
957 3022 1188 3101 „Toumtem.“

270 3103 364 3165 Nulls
378 3126 469 3167 meru
484 3126 579 3186 quere
594 3105 725 3168 fulmins
739 3106 862 3187 gestut‘i
892 3106 1037 3185 „Amst.“

231 3190 298 3266 Quo
313 3187 398 3251 oulet
410 3192 482 3269 igue
497 3190 597 3252 deusi
622 3191 773 3272 „Pueri.“
800 3191 868 3251 Cur
882 3190 965 3251 mitis
981 3197 1094 3272 operto

271 3273 414 3357 Respicis
431 3292 487 3336 ore
501 3274 626 3337 lovem?
652 3256 721 3354 „lle
737 3273 917 3354 Ganymede
931 3272 1081 3355 loquor.“

627 3394 705 3458 ivl.

229 3492 288 3553 (lui
302 3491 422 3569 trullus,
443 3491 546 3572 Lupe,
565 3490 665 3553 tilium
679 3493 841 3572 megistro,

230 3574 360 3651 Quaeris
375 3573 526 3635 sollicitus
542 3573 595 3636 diu
610 3595 773 3656 rogesque.
