2442 4209
157 348 218 415 na
474 345 895 431 mvmnmnunno

241 502 361 565 Sedere
374 502 407 562 in
422 501 559 579 equitum
572 498 667 561 liceat
682 519 720 560 an
736 501 796 559 tini
811 501 958 577 acaronis,
1081 533 1088 537 -

239 584 380 666 Videbo,
398 584 545 665 Didyme:
567 604 629 644 non
643 581 721 643 licet
734 585 923 644 maritorum.

628 717 719 778 XLII.

242 815 382 881 Callidus
397 818 526 879 effracta
540 836 679 879 nummos
693 816 744 877 ior
757 816 880 877 auferet
894 836 982 893 arca,

283 902 467 963 Prosternet
480 902 598 981 patrios
612 901 706 980 Impia
719 902 841 963 numm
852 898 950 961 lurco:

241 986 371 1046 Debitor
386 1004 508 1047 neuram
522 986 643 1064 parIter
655 990 835 1063 sortemque
849 985 993 1063 negabit,

285 1070 352 1133 Non
366 1068 480 1131 reddet
494 1068 615 1129 sterilia
629 1069 746 1129 uemIne
761 1070 842 1129 iacta
855 1086 962 1147 ceges:

220 1154 497 1234 oitiopenntorem
511 1150 605 1213 fallax
620 1153 765 1232 spoliabit
781 1153 893 1230 amica,

284 1238 444 1299 Mercibus
460 1242 617 1299 extructas
631 1238 744 1297 obruet
755 1235 838 1297 unda
851 1243 945 1299 ntea.

241 1322 337 1384 Extra
351 1323 506 1383 fortunam
520 1326 586 1398 eet,
608 1322 634 1381 si
650 1320 725 1399 quid
739 1320 871 1381 donatur
887 1321 1010 1383 amicis:

284 1407 365 1483 Qua·
381 1405 522 1483 dederis,
543 1403 626 1467 colae
641 1423 765 1485 semper
777 1390 907 1467 unichi·
921 1422 1008 1485 oper.

626 1538 730 1603 XLIII.

243 1638 338 1698 'I'Irais
351 1638 447 1698 habet
461 1639 582 1717 nIgroe,
601 1640 708 1698 niveos
721 1636 873 1698 Laecania
887 1636 1009 1703 denter.

285 1722 370 1797 Quae
383 1722 463 1798 ratio
481 1722 552 1782 eati
580 1724 710 1814 Emptoa
723 1723 802 1784 haec
816 1724 927 1800 hebet,
947 1720 1005 1783 ilia
1021 1743 1099 1785 uuor.

626 1856 734 1919 XLIV.

242 1956 323 2033 Quid
337 1956 452 2016 iactum
468 1961 532 2034 eat,
553 1974 645 2034 rogo,
666 1953 740 2035 quid
754 1960 886 2034 repente
901 1954 1097 2035 factumest,

241 2039 291 2100 Ad
306 2059 412 2100 cenam
428 2041 521 2117 mihi,
543 2040 662 2116 Dento,
685 2037 769 2119 qnod
781 2040 919 2117 vocanti,
933 2073 978 2087 -

242 2124 318 2200 Quia
333 2123 462 2184 credat?
476 2158 518 2167 -
533 2130 643 2205 quater
659 2142 748 2183 ausus
764 2142 798 2185 eo
813 2125 950 2203 negare?

242 2206 306 2267 Sed
320 2225 379 2267 nec
394 2208 527 2287 respicio
539 2214 571 2268 et
585 2208 667 2287 iugis
682 2214 883 2287 sequentem,

220 2292 341 2366 oquem
356 2292 487 2351 thermis
502 2290 592 2352 modo
608 2310 761 2371 quaerere
777 2299 811 2352 et
823 2292 956 2353 theatris

241 2375 284 2435 nt
298 2373 492 2435 conclavibus
507 2376 647 2436 omnibus
662 2374 792 2436 solebas.

242 2458 294 2519 Sic
309 2463 373 2537 cri,
395 2466 501 2540 captus
517 2478 551 2520 er
566 2461 709 2521 unctiore
723 2479 829 2520 mensa

240 2544 283 2604 Et
296 2544 393 2604 maior
407 2546 511 2626 rapuit
525 2562 631 2605 canem
647 2542 756 2605 culina.

241 2628 303 2688 Iam
319 2634 368 2706 te,
391 2628 447 2689 red
461 2629 539 2707 cito,
562 2628 718 2705 cognitum
733 2634 766 2687 et
781 2625 927 2689 relictum
962 2684 965 2688 .

201 2713 317 2775 locum
332 2712 500 2772 iartidierit
513 2710 742 2792 popina-diues,

241 2797 396 2879 Antiquae
411 2796 516 2857 venien
531 2795 570 2855 ad
585 2815 654 2855 orna
670 2814 775 2855 cenae.
946 2870 950 2875 ‚

625 2930 719 2993 XLV.

240 3029 325 3090 Dicis
340 3030 523 3107 formosam,
546 3028 624 3089 dicio
638 3035 688 3106 te,
711 3030 820 3107 Basra,
835 3028 983 3111 puellum.

239 3113 325 3175 Iotud
343 3131 422 3193 quae
437 3133 499 3174 non
515 3118 564 3174 ert
577 3110 701 3190 dicere,
722 3113 832 3192 Basra,
856 3111 945 3173 solet.

627 3248 734 3311 XLVI.

240 3347 330 3406 Basia
344 3344 417 3405 dnm
431 3344 505 3407 uolo
520 3348 581 3406 ulei
596 3364 676 3425 quae
691 3345 843 3413 luctantia
858 3347 977 3425 curpeI,

281 3431 323 3491 Et
334 3428 440 3512 placet
453 3430 500 3490 ira
513 3430 589 3491 mihi
603 3428 675 3510 plue
690 3436 757 3506 tua,
780 3448 871 3509 quum
884 3429 1000 3507 iacies,

236 3516 283 3577 ‘Ut
296 3522 330 3576 te
345 3531 439 3603 saepe
454 3532 577 3592 rogem,
600 3512 714 3591 caedo,
732 3512 941 3591 Diadumene,
964 3532 1076 3595 caepe:

282 3601 466 3678 consequor
480 3600 555 3675 hoo,
577 3605 613 3657 ut
627 3616 677 3658 me
691 3616 750 3658 neo
764 3598 891 3677 timeae,
912 3616 971 3658 nec
986 3616 1082 3660 ames,
