2442 4209
467 311 511 375 Μ.
527 311 619 377 VAL.
638 311 866 376 Minimus

524 581 526 586 .
621 514 715 578 nvn.

229 626 368 690 callidus
382 629 529 709 imposuit
542 647 645 709 nuper
657 629 734 689 milri
749 646 828 710 copo
842 629 1023 693 Ravennae:

271 713 347 774 Cum
365 719 506 794 peterem
520 714 664 792 mixtum,
685 711 828 774 vendidit
839 712 898 775 ffle
914 734 1045 778 merum

608 847 715 912 LVlIl.

228 962 342 1022 Baiana
356 964 457 1024 nostri
472 961 562 1041 villa,
583 964 696 1043 Basse,
714 964 856 1025 Faustini
938 1003 942 1008 -

227 1047 297 1108 Non
313 1049 420 1108 otiosis
435 1047 577 1108 ordinata
595 1050 741 1128 myrtetis

228 1129 392 1213 Viduaque
405 1129 532 1212 plotauo
545 1131 717 1211 tonsilique
730 1134 846 1193 buxeto

227 1215 350 1295 Ingrata
363 1215 421 1277 lati
433 1219 532 1298 spatia
545 1216 669 1278 detinet
683 1218 798 1296 campi,

206 1299 295 1361 5Sed
308 1320 382 1362 rare
396 1320 469 1362 vero
484 1302 680 1382 barbaroque
692 1301 836 1366 laetatur.

191 1419 194 1425 ι
228 1385 288 1444 Ηίι
303 1385 385 1446 farta
400 1387 553 1466 premitur
564 1385 676 1465 angulo
696 1370 795 1447 cedes
811 1387 895 1446 omui

227 1468 270 1529 Et
285 1467 382 1530 multa
397 1469 517 1548 fragrat
530 1475 612 1530 testa
626 1471 753 1530 senibus
768 1472 949 1534 auctumnis.

228 1553 289 1614 llic
303 1560 376 1635 port
390 1553 581 1615 Novembres
595 1556 777 1616 imminente
790 1556 852 1614 iam
866 1557 975 1616 bruma

229 1637 322 1698 Seras
337 1644 463 1720 putator
475 1638 622 1699 horridus
634 1640 735 1699 refert
749 1659 836 1698 uvas:

187 1721 350 1786 loTruees
364 1724 398 1782 in
414 1721 569 1784 altavalle
583 1725 724 1802 mugiunt
737 1724 819 1784 tauri

228 1806 415 1886 Vitulusque
429 1809 541 1868 inermi
553 1808 660 1869 fronte
673 1808 777 1888 prurit
789 1809 823 1866 in
835 1825 978 1888 pugnam.

228 1893 366 1971 Vagatur
380 1894 482 1954 omnis
495 1893 586 1953 turba
601 1891 748 1953 sordidae
762 1892 897 1970 chortis,

228 1977 365 2056 Argutus
380 1995 472 2037 anser
487 1978 681 2057 gemmeique
695 1994 829 2056 pavones

228 2058 410 2140 Nomenque
425 2060 521 2121 debet
536 2077 615 2141 quae
631 2061 814 2122 rubentibus
828 2061 932 2142 pinnis

186 2145 269 2207 15Et
281 2146 365 2224 picta
378 2145 490 2225 perdix
503 2145 747 2225 Numidicaeque
761 2149 900 2224 guttatae

228 2229 270 2288 nt
283 2229 445 2309 impiorum
461 2230 607 2310 phasiana
622 2228 826 2304 Colchorum
953 2240 956 2245 ’

228 2311 365 2372 erodiaa
381 2315 509 2394 superbi
526 2314 658 2375 feminas
673 2321 819 2396 premunt
834 2313 906 2393 galli

229 2396 410 2477 Sonantque
426 2405 530 2458 turrea
545 2397 705 2479 plausibus
721 2397 952 2474 columbarum

229 2481 335 2543 Gemit
349 2483 421 2542 hine
436 2481 613 2564 palumbus,
635 2482 708 2543 inde
725 2501 835 2542 cereus
850 2489 971 2561 turtur,

187 2567 320 2631 tolmai
336 2572 484 2627 secuntur
497 2566 608 2628 vilicae
623 2569 723 2628 sinum
736 2568 826 2648 porei

229 2651 428 2731 Matremque
442 2649 567 2732 plenum
581 2651 685 2712 mollia
701 2671 796 2730 agnus
808 2655 960 2731 expectat

230 2737 367 2816 (lingunt
381 2754 526 2796 serenum
540 2733 635 2796 lactei
648 2737 754 2808 focum
766 2753 881 2795 vernae

227 2822 271 2882 Et
283 2820 371 2900 larga
383 2820 482 2881 festor
496 2818 582 2880 lucet
596 2819 635 2878 ad
649 2818 732 2881 lares
747 2819 832 2880 silva.

229 2905 298 2966 Non
315 2906 419 2985 segnia
436 2903 506 2965 albo
521 2902 623 2985 pallet
641 2906 705 2965 otio
722 2924 819 2985 copo,
952 2936 957 2954 ·

187 2989 293 3055 25Nec
311 2989 418 3071 perdit
436 2989 537 3050 oleum
555 2987 694 3051 lubricus
711 2987 908 3070 palaestrita,

230 3074 295 3136 Sed
308 3073 412 3135 tendit
424 3073 521 3135 aridia
535 3080 605 3134 rete
622 3072 785 3136 subdolum
798 3071 900 3132 turdis

230 3158 418 3221 Tremulave
432 3166 554 3238 captum
568 3157 652 3218 linea
666 3159 764 3219 trahit
778 3153 914 3237 pisoem,

228 3247 292 3306 Aut
306 3242 488 3325 impeditam
503 3243 640 3303 cassibus
656 3243 758 3304 refert
775 3241 933 3314 dammam

227 3331 365 3394 Exercet
379 3326 496 3388 hilares
511 3325 615 3387 facilis
627 3327 737 3388 hortus
751 3327 885 3386 urbanos

185 3416 267 3482 ooEt
279 3413 459 3497 paedagogo
472 3431 535 3471 non
551 3412 680 3472 iubente
693 3410 801 3472 lascivi

227 3502 346 3563 Parere
362 3495 498 3578 gaudent
511 3493 603 3557 vilico
621 3495 774 3577 capillati,

226 3588 269 3650 Et
285 3584 438 3647 delicatus
454 3598 550 3662 opere
566 3581 683 3642 fruitur
700 3578 867 3640 eunuchus
