2442 4209
164 361 209 424 uo
495 321 892 420 ruvonuan'uusurs

252 512 302 574 Tc
314 510 558 573 Lacedaemonio
573 509 655 570 velat
669 515 741 588 toga
754 505 821 570 lota
836 507 971 570 Galaeso

292 593 355 659 Vel
371 615 461 676 quam
477 596 614 675 seposito
631 592 670 654 dc
684 611 781 675 grege
793 592 905 655 Parma
920 592 1028 671 dedit,

228 683 296 744 stit
309 698 358 740 me
374 698 452 760 quae
465 698 555 758 passu
568 684 618 739 cst
630 677 727 738 furias
743 684 776 739 ct
789 697 905 738 cornua
918 679 1015 756 tauri,
1103 673 1107 678 ’

292 761 437 825 Noluerit
452 762 514 823 dici
529 782 619 842 quam
633 760 698 842 pila
710 764 810 842 prima
824 781 917 822 suam.

251 847 341 910 Misit
356 848 534 928 Agenoreas
550 845 658 908 (ladini
672 848 731 908 tihi
746 853 832 907 terra
846 844 1005 907 lacemasc

293 932 362 993 Nou
377 930 493 992 vendes
508 931 639 990 nummis
655 931 779 990 coccina
793 937 900 990 nostru
913 932 1024 995 trihus.

251 1015 302 1076 Tu
316 1015 450 1094 Libycos
463 1013 547 1075 ludis
562 1013 726 1094 suspendis
741 1013 886 1075 dentibus
901 1015 1009 1074 orbes:

208 1109 244 1161 10
291 1096 435 1159 Fulcitur
448 1104 529 1158 testa
544 1098 648 1177 sagina
661 1116 766 1158 mensa
781 1098 868 1159 mihi.

251 1181 410 1243 immodici
423 1182 482 1243 tibi
496 1183 574 1242 flava
588 1187 697 1261 tegunt
712 1180 921 1261 chrysendeta
935 1178 1040 1240 mulli:

294 1263 451 1328 Concolor
465 1266 498 1326 iu
513 1272 639 1344 nostra,
659 1284 827 1344 caminate,
849 1263 939 1326 lance
953 1266 1059 1328 rubea.

253 1351 338 1411 Grex
351 1357 422 1412 tuus
438 1348 530 1410 iliaco
544 1355 672 1431 poterat
685 1355 808 1410 certare
825 1347 970 1428 cinaedo,

295 1436 337 1495 At
351 1434 427 1494 mihi
442 1435 595 1495 succurrit
609 1453 667 1514 pro
684 1432 863 1514 Ganymede
878 1452 993 1494 manus.

208 1519 296 1581 rtur
312 1519 421 1598 opibus
435 1518 529 1577 tantis
544 1519 644 1578 veteri
659 1516 784 1597 fidoque
800 1516 898 1578 sodali

293 1603 354 1662 Das
368 1599 447 1661 nihil
462 1607 495 1662 et
509 1600 601 1681 dicia,
626 1599 783 1681 Candide,
803 1591 901 1664 κοινὰ
915 1599 1049 1680 plico?

639 1735 747 1798 mv.

249 1847 319 1908 Emi
334 1866 389 1908 seu
404 1866 534 1928 puerum
549 1853 689 1927 togamve
704 1865 813 1930 pexam

250 1930 315 1990 Seu
329 1932 405 2011 tris,
425 1937 460 1992 ut
473 1938 546 2013 puta
584 1936 767 2011 quattuorve
781 1930 895 2009 libras,

121 2069 126 2080 ,
252 2012 363 2074 Sextus
378 2017 520 2095 protinus
535 1975 590 2076 ille
605 2015 783 2094 fenerator,

254 2097 352 2174 Quem
366 2099 465 2159 nostis
479 2106 618 2160 veterem
634 2117 734 2160 meum
750 2096 904 2177 sodalem,

230 2180 298 2243 5Nc
316 2180 390 2261 quid
405 2181 488 2243 lorte
502 2189 606 2263 petam
621 2184 712 2243 timet
726 2189 891 2263 cavetque,

251 2264 293 2324 ut
307 2282 426 2344 secum,
448 2265 505 2326 sed
519 2273 553 2326 ut
569 2265 707 2345 audiam,
726 2271 882 2326 susurrat:

251 2346 402 2428 „Septem
416 2348 500 2410 milia
515 2349 616 2411 debeo
633 2349 793 2428 Secundo,

250 2432 378 2514 Phoebo
396 2439 557 2514 quattuor,
577 2433 721 2493 undecim
735 2433 876 2512 Phileto,

250 2515 293 2576 Et
309 2515 462 2596 quadrans
476 2519 551 2578 mihi
566 2516 669 2577 nullus
685 2522 733 2578 est
748 2519 781 2577 in
795 2517 900 2580 arca.“

207 2599 278 2663 100
293 2599 409 2680 grande
423 2603 580 2682 ingenium
594 2602 655 2661 mei
671 2599 801 2661 sodalis!

251 2684 367 2744 Durum
383 2691 448 2763 est,
470 2687 582 2765 Sexte,
602 2704 734 2764 negare,
757 2705 824 2745 cnm
840 2684 976 2765 rogaris,

251 2767 371 2846 Quanto
387 2768 510 2848 durius,
533 2775 695 2848 antequam
709 2770 844 2848 rogeris!

638 2902 731 2967 XLV.

251 3015 336 3094 Quae
351 3015 409 3076 tihi
423 3033 485 3076 non
501 3013 601 3074 stabat
615 3015 755 3094 praecisa
770 3019 818 3074 est
833 3011 987 3094 mentula,
1011 3009 1149 3096 Glypte.

291 3100 443 3178 Demens,
464 3118 531 3160 cum
546 3099 633 3159 ferro
650 3096 724 3177 quid
739 3098 819 3158 tibi?
847 3096 955 3159 Gallus
971 3116 1051 3163 eras.

636 3230 742 3295 xcvi.

247 3341 376 3406 Florida
390 3361 449 3424 per
462 3343 563 3404 varios
576 3352 611 3404 ut
624 3344 762 3425 pingitur
776 3341 881 3423 Hybla
896 3342 1037 3424 colores,

292 3430 368 3491 Cum
383 3428 478 3488 breve
494 3427 634 3488 Sicaniae
649 3445 704 3488 ver
716 3425 906 3510 populantur
920 3446 1011 3509 apes,

249 3514 301 3576 Sic
315 3520 368 3575 tua
382 3513 549 3593 supponitis
565 3511 723 3573 collucent
736 3510 845 3592 praelo
857 3509 1012 3590 lacernis,

255 3637 259 3652 ·
291 3599 343 3661 Sic
358 3598 451 3658 micat
464 3598 633 3658 innumeris
648 3594 754 3657 arcula
768 3595 983 3676 synthesihus,
