2442 4209
178 912 206 925 .,
293 921 357 1055 n.
379 979 484 1053 vni.
507 978 810 1053 nicrinus·

225 1150 847 1249 ll‘ltltllllilltl
944 1146 951 1158 '

411 1332 664 1397 LIBERVlll.
793 1376 797 1385 ·

107 1526 279 1606 Imperatori
290 1524 471 1584 Dcnrs'ts’urrc
490 1522 621 1583 Caesari
635 1523 802 1602 Augusto,
826 1520 1030 1601 Germanico,
1053 1591 1057 1597 ¹

321 1608 456 1685 Dacico,
483 1606 628 1667 Valerius
643 1604 801 1665 Martialis
813 1603 849 1665 S.

151 1721 264 1816 (imnes
286 1754 412 1835 quidem
430 1749 532 1815 libelli
553 1755 631 1832 mei,
658 1750 798 1832 domine,
828 1754 937 1832 quibus
958 1760 993 1813 tn
1015 1754 1061 1813 ia-

28 1838 30 1905 l
84 1859 161 1918 mum,
184 1839 217 1900 id
237 1846 287 1901 est
302 1841 411 1918 sitam,
443 1834 575 1918 dedisti,
601 1838 660 1898 tibi
675 1836 866 1920 supplicant;
899 1844 950 1915 et,
975 1842 1061 1918 puio,

28 1912 30 2001 l
83 1930 190 2004 propter
203 1925 263 1985 hoc
277 1923 432 2003 legentur.
458 1924 519 1983 llic
534 1930 654 2000 tamen,
677 1924 730 2002 qui
743 1923 847 2002 operis
862 1923 963 1982 ncstri
978 1920 1062 1981 ccta-

28 2002 30 2085 ᾗ
83 2026 124 2067 ιιι
144 2010 334 2087 inscribitur,
377 2009 539 2068 occasione
563 2007 690 2089 pictatis
715 2006 912 2086 frequentius
935 2006 1060 2067 fruitur.

28 2118 30 2171 χ
69 2090 168 2152 illinus
180 2095 285 2172 itaque
297 2094 422 2172 ingenio
435 2090 637 2152 laborandum
651 2091 722 2168 fnit,
736 2092 770 2151 in
784 2092 869 2152 cuius
883 2089 985 2151 locum
999 2110 1062 2149 ma-

28 2174 30 2243 l
83 2178 361 2238 teriasuccesserst:
389 2196 477 2256 quam
499 2176 624 2257 quidem
645 2174 776 2236 subinde
799 2172 902 2255 aliqua
923 2175 1061 2235 iocorum

82 2260 189 2320 mixtura
202 2264 321 2321 variare
332 2263 562 2342 temptavimus,
575 2280 615 2321 ne
630 2258 758 2322 caelesti
771 2257 976 2320 verecundiae
991 2265 1062 2317 tuae

82 2339 268 2422 lentescunt,
296 2364 374 2425 quse
392 2344 513 2405 facilius
533 2350 565 2405 te
580 2344 713 2425 fatigare
724 2344 863 2424 possint,
892 2362 981 2422 quam
1003 2361 1060 2401 nos
1136 2394 1140 2402 Α

83 2429 189 2508 artare,
205 2431 303 2489 omnis
320 2448 426 2490 versus
437 2431 607 2509 ingereret.
635 2429 777 2507 Quamvis
792 2434 894 2488 autem
908 2428 1062 2506 epigram-

57 2518 143 2571 limati
155 2532 171 2572 a
183 2514 387 2575 severissimis
409 2532 531 2593 quoquc
552 2521 586 2574 et
605 2530 740 2576 summae
761 2512 905 2572 fortunae
923 2512 999 2570 viris
1018 2511 1062 2569 its

30 2650 31 2655 ,
82 2597 177 2677 scriptu
199 2599 278 2678 sint,
306 2604 341 2659 ut
360 2599 512 2658 mimicam
530 2599 695 2659 verborum
715 2595 875 2657 licentiam
898 2595 1061 2656 affectasse

30 2742 31 2759 ἶ
81 2678 248 2760 rideantur‚.
266 2701 324 2762 ego
345 2688 448 2743 tamen
466 2681 530 2743 illis
552 2702 615 2742 non
630 2681 759 2763 permisi
772 2688 834 2741 tam
847 2680 961 2740 lascive
974 2676 1061 2756 loqui

30 2760 31 2823 3
82 2782 153 2839 quarn
165 2763 276 2830 solent.
313 2767 390 2829 Cum
409 2786 481 2849 pers
495 2766 569 2826 libri
583 2774 616 2827 et
630 2768 727 2827 maior
741 2771 775 2825 et
786 2762 899 2825 melior
914 2761 954 2823 sd
967 2764 1061 2822 maie-

30 2902 31 2933 }
82 2852 172 2908 statem
193 2852 274 2911 sacri
294 2852 427 2911 nominis
447 2852 494 2911 tui
509 2850 631 2929 alligata
644 2852 704 2929 sit,
731 2848 908 2910 meminerit
922 2866 985 2906 nnn
999 2846 1060 2905 nisi

30 2934 34 3015 l
56 2929 206 3011 ltreligiosa
225 2936 442 3015 purificatione
462 2933 611 2995 lustratos
634 2932 786 2996 accedere
808 2932 846 2992 ad
866 2929 983 3012 templa
1006 2927 1061 2990 de-

30 3024 31 3059 2
80 3012 148 3076 bere.
183 3018 273 3095 Quod
292 3026 327 3079 ut
348 3019 571 3081 custoditurum
591 3038 641 3081 me
660 3018 776 3080 lecturi
796 3018 913 3096 sciant,
939 3015 1061 3094 inipso

80 3093 163 3242 libplli
179 3103 270 3164 liuius
290 3101 397 3164 limine
417 3104 560 3185 profiteri
579 3105 761 3164 brevissimo
775 3098 893 3183 placuit
907 3101 1061 3181 epigram·

81 3199 117 3240 ma
129 3202 153 3245 e.

525 3271 547 3331 1.

111 3377 287 3462 lsurigercs
302 3380 436 3462 domini,
454 3384 555 3461 liber,
576 3386 731 3444 intrature
744 3390 875 3465 penates

145 3464 234 3528 Disce
247 3466 424 3528 verecundo
439 3466 573 3527 sanctius
589 3486 645 3527 ure
659 3466 756 3547 loqui.

109 3546 188 3609 Nuria
201 3550 318 3611 recede
332 3552 455 3627 Venns3
477 3571 539 3611 non
556 3557 605 3612 est
619 3557 690 3613 tuus
704 3553 765 3611 iste
778 3549 921 3613 libellus:

146 3633 192 3695 'l'u
205 3637 298 3715 mihi,
319 3642 355 3695 tn
368 3634 469 3697 Pallas
483 3636 682 3711 Caesarisne,
701 3638 781 3697 reni.
