2442 4209
299 358 642 423 EPIGRAMMATON
654 358 728 422 LIB.
748 358 799 421 lv.
1026 354 1070 418 99

507 559 598 619 LXII.

124 673 215 733 Tibur
227 675 259 733 iu
273 670 464 732 Herculeum
479 672 623 751 migravit
635 671 724 747 nigra
737 670 884 749 Lycorin,

160 756 267 817 Omnia
284 754 356 815 dum
369 755 440 816 lieri
455 754 584 815 candida
599 752 701 814 credit
713 754 765 813 ibi.

497 888 602 949 Lxffl.

123 1002 194 1061 Dum
207 1004 288 1082 petit
303 1022 319 1061 a
335 999 439 1075 Baulis
453 1008 551 1062 mater
566 999 721 1062 Caerellia
734 1002 840 1079 Baias,

161 1084 282 1146 Occidit
294 1086 393 1145 insani
408 1086 536 1145 ortmiue
550 1103 651 1145 mersa
664 1086 749 1146 freti.

125 1168 227 1230 Gloria
245 1176 357 1249 quauta
370 1170 455 1250 perit
465 1169 569 1229 vobis!
590 1170 668 1229 haec
681 1175 819 1229 mouatra
833 1166 951 1240 Neroni

163 1253 228 1313 Nec
241 1255 342 1314 iussae
356 1252 509 1333 quondam
522 1255 753 1333 praeatIteratis
770 1268 878 1332 aquae.

500 1386 608 1449 LXIV.

125 1500 177 1561 Iuli
191 1502 299 1579 iugera
312 1520 409 1580 pauca
423 1498 578 1560 Martialis

124 1586 229 1645 Hortis
242 1583 450 1663 Hesperidum
464 1585 603 1644 beatiora

123 1670 225 1747 Longo
239 1667 365 1728 Ianiculi
378 1669 449 1746 iugo
466 1668 667 1728 recumbant:
722 1670 725 1676 '

123 1753 187 1812 Lati
203 1750 337 1813 collibus
350 1752 512 1812 immiueut
525 1769 668 1811 recessus

108 1837 164 1897 ulit
175 1836 284 1917 planus
299 1833 420 1896 modico
438 1842 560 1895 tumore
573 1841 682 1895 vertex

126 1919 215 1981 Caelo
231 1920 404 2000 perfruitur
419 1920 598 1996 sereniore,

126 2006 163 2064 lit
177 2024 283 2065 curras
299 2001 412 2063 nebula
425 2008 553 2082 tegente
567 1999 664 2061 valles

127 2086 213 2148 Solus
227 2087 297 2149 luce
312 2088 393 2148 uitet
406 2085 573 2167 peculiari:

128 2172 214 2233 Puris
228 2171 343 2232 leuiter
357 2170 558 2232 admoventur
573 2168 666 2229 astris

22 2254 24 2295 l
93 2267 121 2317 10
127 2255 232 2315 Celsae
250 2254 380 2316 culmiua
394 2253 526 2316 delicata
540 2252 641 2314 villae.

22 2396 23 2415 ,
128 2340 206 2399 Iliuc
221 2346 341 2420 septem
355 2338 495 2399 ‹lomiuos
509 2337 619 2397 uidere
633 2339 755 2395 montes

22 2426 23 2485 ;
127 2425 165 2483 lit
177 2431 273 2484 totam
286 2422 364 2483 licet
378 2423 541 2483 aestimare
555 2422 699 2497 Romam,

128 2507 262 2569 Albanos
274 2522 398 2588 'quoque
413 2504 629 2585 Tusculosque
644 2500 742 2563 colles

22 2620 24 2627 ⁴
127 2594 166 2651 lit
180 2591 384 2672 quodcunque
397 2592 480 2651 iacet
493 2592 549 2649 sub
564 2590 642 2649 urbe
656 2588 771 2665 frigus,

22 2676 24 2753 ζ
94 2676 396 2737 15Fideuaavcterea
411 2676 584 2751 brevesque
598 2672 736 2747 Rubras,

22 2764 24 2841 ξ
128 2761 167 2820 Et
184 2760 264 2840 quod
279 2761 417 2839 virgiaco
433 2775 544 2818 cruore
559 2756 672 2835 gaudet

129 2846 233 2906 Auuae
247 2845 431 2924 pomiferum
444 2860 553 2902 uemua
568 2840 739 2903 I’ereuuae.

130 2929 217 2990 Illinc
229 2927 400 2991 I'Iamiuiae
415 2923 615 2999 Salariaeque

132 3016 274 3075 Gestator
288 3020 376 3097 patet
390 3008 501 3071 essedo
516 3016 656 3085 tacente,

95 3100 173 3159 itNe
189 3097 300 3159 blando
317 3103 386 3158 rota
401 3097 442 3156 ait
455 3092 586 3153 molesta
599 3108 723 3165 somno,
740 3114 745 3126 =

132 3184 227 3259 Quem
239 3203 298 3245 uec
309 3199 456 3260 rumpere
471 3178 630 3239 ramicum·
642 3172 797 3244 celeuma,

132 3268 195 3328 Nec
210 3266 322 3329 clamor
335 3264 419 3327 valet
432 3262 669 3337 helciariorum,

22 3370 23 3373 ’
133 3353 208 3411 Cum
221 3353 260 3413 sit
271 3360 334 3412 tam
347 3367 446 3430 prope
461 3345 613 3424 Mulvius,
634 3358 815 3421 sacrumque

131 3436 245 3517 Lapsae
260 3455 319 3517 per
333 3432 474 3495 Tiberim
489 3430 595 3492 volent
609 3428 740 3489 carinae.

98 3520 200 3580 23Hoc
212 3540 278 3599 rus,
300 3538 355 3580 aea
370 3516 474 3599 potius
487 3514 596 3575 <lomus
610 3509 746 3572 vocauala
760 3516 825 3586 est,

135 3603 331 3666 Commendat
345 3601 502 3662 domiuus:
520 3605 602 3660 tuam
618 3595 758 3676 putabla3
827 3670 871 3733 ⁷*
