2442 4209
296 333 636 395 uelunnmmnl'on
651 335 724 397 nia.
740 335 776 398 ll.

473 536 593 598 LXVII.
604 541 613 558 ⁸

112 651 245 712 Occurris
260 669 444 730 quocunque
458 649 529 710 loco
544 650 636 726 milri,
658 649 820 730 Postume,
842 650 956 714 clamas

149 734 288 796 Protinus
309 740 342 794 et
356 737 454 814 prima
468 739 517 794 est
530 735 607 793 haec
621 739 674 795 tua
688 753 746 794 vox
761 734 865 813 „Quid
878 737 991 816 ιω(

112 818 185 895 lloc,
205 821 296 879 sime
312 817 439 879 deciens
452 838 511 878 uua
525 819 708 877 conveneris
723 819 816 898 hora,

148 902 240 963 ilicis:
262 904 360 963 habes
373 905 448 983 puto
463 907 514 980 tu,
534 902 696 980 Postume,
718 899 764 962 nil
780 901 862 982 quod
878 922 961 983 agas.

462 1036 593 1099 LXVlll·
710 1063 714 1070 ·

111 1145 188 1223 Quod
203 1154 235 1210 te
250 1131 449 1207 nomine‘iam
464 1153 516 1207 tuo
535 1145 653 1227 saluto,

111 1231 196 1306 Quem
211 1249 318 1310 regem
332 1236 365 1291 et
379 1229 536 1292 domiuum
550 1232 637 1310 prius
652 1234 813 1312 vacabam,

110 1313 149 1374 Nc
160 1334 208 1376 me
222 1314 339 1376 dixeris
356 1333 425 1375 esse
440 1321 667 1375 contumacem:

110 1397 187 1459 'lotis
204 1398 289 1480 pilea
304 1400 433 1458 sarcinis
447 1396 576 1461 redemi.

91 1482 201 1560 alleges
216 1490 248 1544 et
263 1481 403 1543 dominos
418 1483 533 1543 habere
550 1481 647 1543 debet

110 1566 159 1641 Qui
172 1587 207 1628 se
221 1586 284 1628 non
298 1567 408 1644 lrabet,
430 1573 523 1645 atque
539 1567 731 1646 concupiscit

109 1649 186 1725 Quod
202 1669 292 1730 reges
308 1649 485 1729 dominique
501 1651 730 1730 concupiscunt.

108 1733 227 1795 Servum
243 1739 269 1795 si
284 1741 391 1815 potes,
417 1731 492 1812 Olc,
513 1754 575 1794 non
589 1735 723 1812 habere,

106 1816 141 1877 lit
152 1837 255 1898 regem
270 1826 378 1899 potes,
402 1816 461 1878 Olc
476 1838 538 1877 uon
553 1818 680 1880 habere.

479 1951 584 2013 LXIX.

107 2062 227 2124 Invitum
242 2082 355 2124 cenare
368 2065 446 2123 foris
461 2070 510 2144 te,
533 2064 689 2143 Classico,
711 2063 806 2124 dicis:

141 2148 250 2207 Sinon
265 2149 424 2226 mentiris,
446 2147 602 2226 Classico,
624 2149 808 2229 dispeream.

106 2230 166 2310 lpse
181 2250 305 2311 quoque
320 2231 480 2292 aduenam
495 2233 648 2312 gaudebat
662 2233 789 2313 Apicius
802 2233 867 2292 lre:

142 2316 215 2376 Cum
231 2323 360 2376 cenaret
374 2322 441 2376 erat
457 2318 578 2377 tristior
594 2314 667 2394 ille,
687 2315 780 2376 domi.

87 2397 136 2458 isi
148 2405 249 2460 tamen
262 2401 376 2460 invitus
393 2399 495 2478 vadis,
518 2421 588 2479 cur,
611 2398 767 2478 Classice,
787 2397 896 2460 vadis‘l

141 2483 287 2562 „Cogor“
305 2485 367 2544 ais:
391 2503 496 2546 verum
512 2491 578 2559 eat3
601 2486 724 2563 cogitur
738 2489 771 2544 et
788 2482 899 2544 Selius.

105 2566 147 2626 lin
158 2573 246 2646 rogat
260 2567 300 2627 ad
314 2586 421 2628 cenam
434 2567 551 2629 Melior
565 2575 616 2645 te,
638 2567 792 2647 classice,
815 2572 941 2628 rectam.

141 2650 275 2712 Grandia
287 2653 382 2712 verba
397 2653 450 2714 ubi
464 2653 559 2713 suut?
580 2654 607 2713 si
622 2653 669 2713 vir
684 2671 735 2730 es,
758 2668 848 2730 ecce,
869 2667 958 2730 nega.

485 2786 578 2847 LXX.

104 2895 165 2957 Non
178 2899 222 2958 vis
236 2900 269 2958 in
287 2896 365 2958 sollo
380 2899 465 2977 prius
479 2897 575 2958 lavari

104 2980 292 3061 Queuquam,
316 2981 433 3042 Gotile:
455 3001 545 3042 causa
558 2999 653 3061 quae,
674 2982 734 3041 uisi
749 2981 826 3042 liaeo
841 2986 906 3062 est,

105 3063 196 3126 Undis
209 3085 250 3127 ne
264 3066 398 3126 fovearis
412 3066 590 3126 irrumatis‘l

105 3147 217 3210 Primus
232 3157 265 3210 te
276 3149 356 3210 licet
370 3149 633 3211 abluas:.necosse
651 3156 699 3210 est

104 3231 180 3293 Ante
194 3234 245 3295 nic
263 3233 416 3313 mentula,
438 3254 527 3313 quam
539 3240 646 3314 caput,
667 3232 797 3295 lavetur.

478 3368 583 3430 LXXI.

104 3483 267 3548 Candidius
281 3486 360 3547 nihil
375 3494 424 3548 est
439 3494 488 3566 te,
511 3487 702 3549 caeciliane:
721 3488 842 3563 noted,

142 3569 310 3652 Siquando
324 3589 363 3634 ex
376 3573 492 3632 nostris
507 3571 639 3634 disticha
650 3592 747 3654 pauca
762 3571 851 3653 lego,

1016 334 1062 400 5⁵
