2442 4209
284 362 711 427 urruuannauonnru.
724 365 801 427 vu1.
955 327 1066 427 ¹195

481 564 603 626 LXXV.

114 679 186 739 llum
205 678 325 759 repetit
341 697 411 737 aera
425 677 594 738 conductus
608 684 701 738 nacte
716 685 845 757 penates

151 762 307 841 Lingonus
323 782 341 821 a
355 761 454 821 Tecta
467 760 681 840 Flaminiaque
695 780 822 841 recena,

114 842 235 927 Expulit
248 846 369 905 offensu
387 846 525 907 vitiatuni
537 842 655 926 pollice
670 844 765 905 talum

151 930 192 991 llt
208 929 304 990 iacuit
318 934 384 988 toto
400 948 531 1009 corpure
546 929 632 989 lusus
646 930 740 991 humi.

97 1013 192 1088 squiri
207 1013 329 1074 iaceret
342 1010 465 1091 Gallus,
488 1033 547 1091 qua
560 1031 594 1091 ae
609 1014 730 1073 ratione
745 1015 906 1075 moveret?

151 1096 271 1175 Ingenti
289 1095 412 1157 dominu
427 1092 569 1158 servulus
583 1115 661 1157 unua
676 1104 761 1176 erat,

116 1180 186 1239 'lam
198 1199 317 1258 macer,
338 1184 373 1239 nt
387 1180 541 1241 minimam
556 1187 664 1262 posset
677 1182 727 1241 vix
743 1182 830 1242 ferre
843 1179 1020 1243 lucernam:

154 1264 314 1325 Succurrit
327 1265 442 1324 misero
458 1283 545 1325 casua
565 1283 717 1344 opemque
730 1263 814 1326 tulit.

117 1348 263 1423 Quattuor
276 1348 421 1427 inscripti
435 1349 600 1427 portabant
613 1346 677 1408 vile
691 1347 837 1429 cadaver,

84 1441 110 1491 10
151 1432 274 1511 Accipit
286 1429 397 1491 infelix
411 1429 513 1511 qualia
528 1430 614 1491 mille
628 1445 731 1511 rugus.

116 1514 175 1574 llos
189 1534 293 1575 cumea
306 1514 456 1578 invalidus
470 1516 631 1578 cummim
640 1533 717 1575 voce
732 1524 893 1596 precatur,

152 1599 194 1659 Ut
211 1617 394 1678 quocunque
407 1598 520 1677 velint,
544 1617 656 1679 corpus
670 1600 762 1659 inane
775 1599 887 1662 ierant.

117 1681 307 1743 Permutatur
323 1702 399 1743 unus
411 1683 586 1763 stipataque
600 1680 722 1743 tollitur
736 1681 798 1743 alte

154 1765 287 1826 Grandis
302 1768 335 1826 in
349 1760 477 1846 angusta
491 1768 611 1827 sarcina
626 1764 792 1847 sandapila.

82 1848 169 1909 ltllic
184 1850 260 1909 mihi
274 1847 313 1909 de
328 1847 433 1911 multia
447 1869 542 1927 unns,
558 1842 701 1927 Lucane,
722 1849 862 1928 videtur,

153 1933 209 1992 Gni
225 1934 337 1993 merito
352 1931 415 1993 dici
428 1941 572 2012 „mortue
588 1932 701 1995 Galle“
717 1940 831 2014 puteat.

482 2066 618 2137 LXXVI.

114 2176 189 2253 „uic
203 2196 308 2238 verum
323 2179 415 2256 milri,
436 2180 559 2257 Marce,
582 2178 632 2239 (lic
648 2182 771 2254 amabu;

116 2259 164 2319 Nil
179 2267 240 2343 cat,
263 2261 346 2340 quud
362 2264 457 2341 magia
471 2262 590 2324 audiam
603 2262 773 2327 libenter.“

115 2342 166 2404 Sic
180 2352 292 2405 etcum
307 2347 420 2407 recitas
436 2353 504 2413 tnua
518 2344 663 2424 libellos,

114 2427 153 2487 lit
167 2448 283 2489 causam
297 2431 440 2508 quatiens
456 2430 519 2509 agia
532 2429 671 2507 clientis,

97 2510 206 2590 50ras,
228 2511 363 2590 Gallice,
386 2532 435 2573 me
451 2532 602 2593 rugasque
617 2532 749 2594 semper.

117 2594 225 2655 Durum
239 2602 288 2656 est
302 2613 351 2656 me
366 2598 439 2675 tibi,
460 2596 542 2675 quud
555 2598 653 2677 petis,
673 2615 797 2675 negare.

22 2704 23 2708 ¹
116 2678 194 2739 Vero
206 2680 308 2739 verius
323 2698 397 2758 ergo
414 2678 488 2759 quid
504 2682 561 2758 sit,
583 2680 669 2739 audi:

117 2761 242 2842 Verum,
264 2762 400 2841 Gallice,
424 2782 485 2823 nun
499 2762 638 2823 libenter
653 2761 749 2825 audis.

470 2888 619 2960 LXXVII.

118 3005 220 3085 Liber,
239 3008 405 3066 amicorum
420 3005 596 3067 dulcissima
610 3026 684 3068 cura
697 3014 836 3086 tuarum,

20 3084 22 3111 ”
152 3090 262 3167 liber,
284 3092 316 3150 iu
332 3095 459 3151 aeterna
472 3092 576 3151 vivere
591 3089 685 3169 digne
699 3109 786 3169 rusa,

118 3172 146 3234 Si
159 3176 255 3253 aapia,
277 3175 406 3253 Assyrio
421 3192 544 3254 semper
558 3174 617 3234 tibi
632 3176 726 3233 crinis
742 3192 859 3233 amone

154 3256 324 3337 Splendeat
335 3264 369 3317 et
385 3259 509 3337 cingant
521 3258 620 3317 florea
634 3264 719 3318 serta
733 3263 841 3337 capat;

101 3340 250 3401 tcandidu
263 3343 440 3421 nigrescant
453 3339 558 3401 vetulo
576 3341 723 3420 crystalla
737 3339 874 3403 Falerno

152 3424 192 3486 Et
205 3422 306 3485 caleat
321 3423 435 3485 blando
449 3422 552 3487 mullis
567 3443 672 3485 amore
687 3434 783 3485 turns.

118 3506 172 3583 Qui
186 3510 231 3569 sic
245 3508 295 3570 vel
309 3507 410 3569 medio
426 3508 531 3569 finitus
546 3509 622 3569 vixit
635 3510 668 3568 in
684 3526 774 3584 aevu,

153 3591 287 3670 longior
301 3593 372 3652 lauic
384 3591 466 3652 facta
480 3599 545 3670 eat,
566 3611 655 3677 quarn
670 3591 740 3651 data
753 3590 898 3734 vitalaaiplt.
