2442 4209
156 324 220 391 214
487 322 531 386 Μ.
548 320 640 384 VAL.
657 319 883 383 malumus

640 471 810 534 nuu-

224 590 276 652 -ln
289 590 394 671 Septi·
409 590 566 651 Mamurra
580 588 633 649 diu
649 580 840 667 multumque
854 574 996 668 vagatus,

283 675 344 735 Hie
359 674 412 735 ubi
426 673 523 734 Roma
537 692 610 734 suas
622 691 716 734 aurea
729 677 818 733 verat
832 689 925 752 opes,

240 758 378 839 inspexit
392 754 503 818 molles
517 776 633 839 pueros
647 754 808 836 oculisque
823 754 976 824 comedin

282 841 352 903 Non
366 843 440 920 hos,
459 862 537 921 quoa
551 843 670 924 primae
684 842 875 922 prostituere
890 857 995 917 ossae,
1065 832 1077 854 ’
1191 809 1193 852 ³

218 924 304 991 osni
321 946 398 1006 quos
414 945 543 987 areanae
558 930 684 987 servant
697 923 833 985 uiolata
847 930 982 984 catastae

283 1010 326 1071 Et
342 1028 419 1090 quos
433 1030 493 1072 non
509 1009 658 1091 populus,
678 1027 738 1069 neo
751 1026 820 1068 mea
836 1010 928 1069 turba
940 1006 1025 1069 ridet

243 1092 319 1156 lude
334 1101 420 1156 satur
433 1113 554 1155 mensas
569 1100 602 1154 et
618 1098 745 1174 opertos
759 1093 846 1169 eruit
860 1094 954 1154 orbes

284 1179 527 1259 Expositumque
544 1176 608 1238 alte
623 1179 737 1259 pingue
750 1177 897 1258 poposcit
907 1177 1004 1255 ebur,

242 1264 285 1324 Et
299 1262 507 1324 testudineum
524 1282 648 1323 mensus
663 1268 773 1342 quater
787 1258 974 1322 hexaclinon

202 1360 236 1413 10
283 1347 435 1427 Ingemuit
450 1347 530 1407 citro
545 1366 607 1407 non
623 1348 698 1407 satis
713 1364 783 1406 esse
798 1365 864 1406 suo.

243 1431 405 1493 Consuluit
420 1449 529 1509 nares,
551 1450 589 1491 au
604 1430 729 1493 olerent
743 1447 816 1490 aera
825 1429 1005 1504 ,Corinthon

285 1514 429 1595 Culpavit
442 1518 557 1577 statuas
574 1513 812 1595 et‚‘Polyolite‚
834 1520 902 1578 tuas

241 1599 284 1659 ut
297 1602 421 1660 turbata
435 1600 524 1660 brevi
541 1607 669 1679 questus
684 1597 863 1679 crystallina
876 1600 957 1659 vitro

285 1684 427 1745 Murrina
440 1683 571 1763 signavit
585 1684 786 1763 seposuitque
801 1682 919 1744 decem.

203 1761 398 1848 15Expeudit
411 1774 535 1828 veteres
554 1766 692 1828 calathos
708 1768 782 1827 etsi
797 1787 857 1848 qua
871 1767 998 1828 fuerunt

283 1850 400 1913 Poenis
413 1852 579 1917 Mentorea
592 1851 759 1914 nobilitata
773 1872 879 1929 mauu,

241 1936 282 1995 ut
294 1934 411 1996 virides
424 1937 509 2017 picto
526 1955 660 2016 gemmas
676 1938 849 1997 numeravit
863 1937 897 1996 in
912 1956 1003 2014 auro,

283 2018 442 2100 Quidquid
456 2027 489 2081 et
503 2041 520 2080 a
533 2021 623 2081 nivea
637 2020 784 2100 grandius
800 2039 874 2081 aure
889 2028 987 2082 sonat.

241 2102 561 2184 Sardonychass'vero
577 2124 683 2166 mensa
699 2106 851 2185 quaesivit
867 2106 999 2167 inomni

199 2197 234 2249 ιο
281 2188 323 2248 lit
335 2189 471 2269 pretium
485 2191 602 2268 magnis
617 2190 695 2249 fecit
708 2188 887 2270 iaspidibus.

240 2270 410 2333 Undecima
422 2270 523 2336 lassus
537 2293 605 2334 oum
619 2275 680 2333 iam
695 2270 875 2334 diseederet
888 2276 982 2352 hora,

283 2357 361 2415 Asse
377 2355 453 2417 duos
470 2353 583 2418 culices
598 2359 675 2418 emit
689 2358 804 2438 etipse
818 2355 902 2419 tulit.

644 2492 708 2555 Lx

242 2588 303 2648 Seu
321 2593 355 2649 tu
368 2588 527 2650 Paestanis
542 2592 648 2670 genita
661 2610 695 2651 es
715 2610 772 2652 seu
787 2590 915 2651 Tiburis
930 2590 1028 2667 arvis,

283 2672 345 2733 Seu
358 2672 464 2733 rubuit
479 2672 573 2735 tellus
590 2674 727 2736 Tuscula
740 2676 821 2736 flore
834 2680 889 2735 tuo
901 2697 910 2749 ;

241 2757 303 2816 Seu
316 2757 521 2819 Praenestino
535 2765 567 2819 te
582 2756 673 2820 vilica
687 2758 767 2838 legit
781 2760 815 2819 in
827 2758 938 2836 horto,

283 2840 345 2902 Seu
362 2840 452 2903 modo
468 2842 615 2923 Campani
631 2844 730 2921 gloria
745 2844 828 2903 ruris
842 2862 927 2903 eras:

218 2923 408 2985 5Pulohrior
420 2933 455 2985 ut
468 2932 575 2988 nostro
589 2927 716 2989 videare
732 2946 847 2988 corona
862 2926 992 3002 Sabiuo‚

281 3010 328 3069 lie
343 3008 535 3071 Nomentano
549 3017 582 3071 te
595 3017 686 3091 putet
702 3031 772 3073 esse
787 3030 865 3072 meo.
1052 3008 1055 3013 ’

640 3146 718 3209 ,Μ
758 3169 790 3180 ,,

238 3241 271 3301 ln
291 3242 495 3306 Tartessiaeis
510 3237 618 3305 domus
632 3246 855 3306 est-notissima
868 3245 979 3321 terris,

284 3326 351 3402 Qua
367 3324 452 3388 dives
467 3325 622 3409 placidum
638 3327 784 3389 Corduba
796 3327 907 3389 Baetin
922 3333 1002 3387 amat

238 3408 367 3472 Vellera
380 3413 483 3472 nativo
497 3410 620 3492 pollent
633 3413 688 3474 ubi
701 3413 779 3473 flava
792 3410 917 3474 metallo

278 3496 321 3558 Et
332 3492 407 3555 linit
421 3497 608 3576 Hesperium
622 3499 749 3558 bractea
763 3498 832 3558 viva
847 3512 960 3577 pecus;

216 3577 377 3640 odedihus
388 3582 424 3640 iu
438 3579 548 3641 mediis
564 3588 647 3642 totos
662 3578 801 3665 amplexa
814 3586 945 3662 penates
