2442 4209
278 343 619 407 EPIGRAMMA'I'ON
631 344 704 405 Llll.
720 344 797 408 VIII.

435 586 438 593 -
473 543 611 609 XXXIX.

109 660 162 737 Qui
175 659 335 720 PalatInae
350 668 481 741 oaperet
498 662 635 720 convivia
647 676 772 721 mensae

145 744 388 823 Ambrosiasque
403 744 513 825 dapes,
534 763 597 804 non
612 752 681 805 erat
694 750 767 804 aute
781 741 879 806 loeus.

109 828 163 889 llio
177 829 306 889 haurIre
321 827 414 889 (lecet
431 846 568 905 ssorum,
591 829 794 907 Germanice,
814 833 924 891 nectas

144 912 187 972 Ilt
204 912 405 993 Ganymedea
417 911 528 993 poeula
541 914 634 972 mixta
649 932 748 973 manu.

24 1020 31 1049 ι
92 996 181 1058 illese
196 995 291 1075 velis,
314 1016 386 1075 oro,
409 1015 496 1056 serus
514 998 639 1057 convita
654 997 822 1057 Tonantis:
862 1020 865 1025 ·

144 1080 186 1159 ‚At
201 1088 234 1141 tu
248 1083 275 1141 si
288 1099 455 1162 properas,
476 1080 631 1163 Iuppiter,
650 1082 717 1161 ipse
734 1081 813 1140 veni.

511 1215 573 1276 XL.

23 1320 24 1331 ³
109 1312 173 1373 Non
188 1314 289 1391 horti,
310 1331 413 1391 neque
427 1312 562 1394 palmitis
577 1317 678 1393 beati,

111 1395 169 1456 Sed
181 1397 245 1456 rari
258 1398 413 1476 nemoris,
435 1399 564 1480 Priape,
587 1406 707 1478 eustos,

109 1481 152 1542 lla
167 1500 225 1560 qao
239 1486 331 1542 natus
345 1500 380 1542 es
396 1489 429 1543 et
442 1490 533 1563 potes
550 1486 687 1561 renasci,
713 1528 727 1554 ,

107 1564 253 1643 liuraees,
275 1584 405 1645 moneo,
425 1586 532 1627 manus
546 1565 685 1647 repellas
731 1628 734 1635 ,

91 1648 264 1710 ollonnam
281 1648 398 1711 domini
410 1650 489 1712 focis
506 1670 660 1711 reserves.

109 1731 139 1793 st
153 1732 305 1793 defecerit
318 1735 413 1813 haee,
433 1741 466 1795 et
480 1738 548 1816 ipse
561 1734 678 1814 lignum
694 1753 737 1797 es.

501 1864 578 1925 XLI.

110 1958 218 2021 Tristis
232 1961 446 2041 Athenagoras
463 1981 526 2023 non
539 1966 624 2024 misit
637 1983 764 2024 munera
779 1965 886 2043 nobis,

22 2046 23 2051 ’
148 2045 230 2121 Quae
247 2044 351 2106 medio
366 2048 492 2107 brumae
507 2049 633 2108 mittere
651 2067 757 2108 menae
773 2047 861 2108 solet.

109 2128 206 2189 Arsit
220 2131 435 2210 Athenagoras
448 2132 565 2209 tristis,
586 2133 751 2211 Faustino,
769 2131 901 2192 videbor

76 2222 80 2227 '
146 2214 198 2274 Me
212 2221 300 2276 certe
313 2216 436 2275 tristem
451 2216 528 2276 iecit
540 2217 762 2297 Athenagoras.

477 2338 586 2421 ιιι.

112 2450 141 2511 Sl
156 2459 187 2514 te
202 2454 345 2535 sportula
361 2458 459 2518 malor
476 2456 516 2517 ad
528 2459 638 2519 beatos

111 2535 173 2597 Non
188 2541 381 2620 corruperit,
402 2546 437 2601 ut
451 2541 547 2620 solet,
568 2543 679 2604 licebit

110 2620 151 2681 lle
166 2629 290 2703 nostro,
313 2625 438 2704 Matho,
460 2628 602 2687 centiens
615 2625 740 2689 laveris.

487 2755 591 2817 XLIII.

111 2848 206 2911 llilert
217 2870 330 2912 uxores
344 2852 475 2932 Fabius,
497 2853 667 2915 Chrestilla
680 2853 824 2930 maritos,

148 2933 384 3016 Funereamque
401 2939 480 2998 toris
495 2945 619 3017 quassat
632 2944 765 3016 uterque
779 2935 888 2995 lacem.

24 3080 25 3089 ,
113 3016 248 3081 Victores
264 3023 440 3100 committe,
462 3022 585 3083 Venus:
608 3042 685 3102 quos
699 3024 760 3081 iste
774 3019 930 3079 manebit·

148 3102 271 3185 Exitus,
292 3124 353 3165 una
370 3105 446 3166 duos
461 3114 497 3166 ut
510 3106 647 3167 Libitina
659 3107 750 3167 ierat.

488 3234 594 3297 XLIV.

116 3326 241 3411 Titulle,
261 3351 389 3410 moneo,
409 3334 492 3393 vive:
516 3350 639 3412 semper
653 3332 714 3391 hoe
731 3349 834 3391 serum
851 3339 911 3392 est.

118 3411 172 3474 Sub
185 3415 363 3497 paedagogo
379 3418 522 3496 eoeperIs
535 3414 629 3494 lieet,
651 3434 754 3476 serum
770 3421 828 3477 est.

117 3497 153 3557 At
164 3506 211 3578 tu,
231 3502 327 3562 miser
345 3499 481 3579 Titulle,
503 3520 561 3561 neo
578 3518 674 3575 senex
688 3500 781 3578 vivis,

117 3578 174 3642 Sed
187 3604 274 3646 omne
288 3584 386 3646 limen
401 3586 537 3647 conteris
553 3582 703 3646 salutator

1002 343 1066 411 185
