2442 4209
293 380 634 443 EPIGRAMMA'I'ON
647 380 721 445 LIB.
737 380 786 444 III.
1020 377 1062 444 7⁹

118 537 227 597 bomini
240 536 378 596 bibentis
393 535 512 594 ebrium
526 534 609 612 regit
628 552 750 614 penem.

118 620 317 682 stillewara
332 620 429 679 flexus
446 617 485 677 ad
497 616 610 698 pedum
625 620 746 678 turbam

119 704 190 765 Inter
204 702 332 765 catellas
347 720 486 763 anserum
503 708 572 761 exta
588 700 761 766 lambentes

87 789 242 852 solartitur
256 790 324 870 apri
338 784 499 867 glandulas
512 785 701 867 palaestritis

119 874 153 934 st
165 874 332 934 concubino
346 878 501 947 turturum
516 878 604 930 nates
620 870 731 947 douat;

119 957 312 1037 Ligurumque
328 956 417 1016 nobis
432 973 582 1015 saxanum
595 956 811 1015 ministrentur

119 1040 171 1103 Vel
186 1050 269 1101 cocta
282 1041 376 1103 fumis
390 1046 490 1100 musta
503 1037 719 1117 Massilitanis,

121 1124 300 1206 Opimianum
316 1125 505 1185 morionibus
519 1130 628 1183 nectar

89 1208 365 1289 hGrystaIIinisque
380 1208 587 1285 murrinisque
601 1208 756 1286 propinat.

121 1294 155 1353 Iit
170 1294 336 1355 Cosmianis
349 1294 418 1375 ipse
433 1292 519 1352 fusus
537 1289 679 1371 ampullis

119 1378 180 1439 Non
193 1379 348 1439 erubescit
362 1378 480 1437 murice
495 1394 589 1435 aureo
605 1375 694 1435 nobis

120 1462 254 1523 Dividere
268 1463 416 1524 moechae
430 1461 575 1541 pauperis
591 1457 747 1539 capillaro.

104 1570 109 1577 ¹
121 1547 264 1628 Septunce
278 1544 377 1607 multo
391 1544 505 1605 delude
518 1542 661 1625 perditus
674 1543 789 1605 stertit.

89 1631 173 1692 bbNos
187 1634 363 1693 accubamus
378 1634 429 1708 et,
449 1627 605 1689 silentium
619 1628 766 1687 rhonchis

121 1716 271 1777 Praestare
284 1716 378 1794 iussi,
399 1714 523 1774 nutibus
538 1713 744 1792 propinamus.

122 1801 179 1861 llos
190 1800 374 1861 Malchionis
391 1797 525 1879 patimur
539 1797 673 1874 improbi
686 1796 802 1874 fastos,

122 1885 177 1945 Nec
191 1883 355 1963 vindicari,
376 1882 473 1959 Rufe,
494 1881 664 1961 poscImus=
685 1878 785 1940 fellat.

465 2046 628 2108 LXXXIII.
696 2102 701 2111 .

124 2162 160 2221 Ut
172 2162 274 2223 faciam
286 2161 433 2223 breviora
449 2178 556 2221 mones
571 2162 805 2241 epigrammata,
827 2152 942 2220 corde.

159 2245 215 2306 Fac
228 2248 319 2326 mihi,
342 2245 426 2327 quod
440 2246 576 2306 Chione:
598 2263 662 2304 nou
674 2244 762 2324 potui
776 2240 910 2303 brevius.

424 2454 430 2464 ,
465 2408 630 2470 LXXXIV.

128 2521 195 2597 Quid
207 2529 311 2583 narrat
324 2528 378 2583 tua
391 2521 542 2582 moecha?
573 2520 643 2581 Non
657 2517 792 2600 puellam

126 2605 198 2685 nui,
217 2604 402 2687 Gongyli0n.
432 2605 513 2684 Quid
528 2604 628 2683 ergo?
647 2602 792 2682 liugnam.

471 2755 624 2817 LXXXV.

130 2865 190 2941 Quis
203 2869 257 2929 tibi
270 2870 426 2950 persuasIt
440 2886 532 2929 nares
547 2865 708 2928 abscidere
722 2865 875 2926 moecho?

161 2952 222 3012 Non
235 2956 292 3014 hac
306 2958 466 3033 peccatum
481 2957 529 3012 est
543 2957 651 3031 parte,
672 2951 799 3027 marite,
820 2948 888 3009 tibi,

130 3032 230 3117 Stulte,
252 3036 326 3116 quid
341 3037 455 3117 egisti?
476 3034 554 3096 nihil
570 3036 623 3095 hic
636 3036 696 3096 tibi
712 3032 852 3115 perdidit
865 3050 958 3110 uxor,

164 3121 231 3181 cum
249 3124 290 3183 stt
303 3120 387 3183 salva
401 3122 447 3181 tui
464 3118 601 3180 mentula
614 3118 780 3200 Deiphobi.

467 3267 631 3329 LXXXVI.

130 3379 166 3440 Ne
176 3381 292 3462 legeres
306 3388 428 3463 partem
441 3381 565 3460 lascivi,
587 3387 687 3460 casta,
707 3379 827 3459 libelli,

161 3465 295 3528 I’raedei
309 3473 342 3528 et
356 3468 475 3527 monui:
497 3474 533 3526 tu
547 3471 666 3544 tamen,
686 3484 776 3544 ecce,
792 3463 882 3545 legis.

131 3545 182 3608 Sed
193 3552 217 3610 si
229 3548 430 3612 Panniculum
444 3556 566 3631 spectas
582 3557 617 3610 et
632 3557 715 3610 casta
732 3549 893 3628 Latinum,
907 3582 951 3595 -

162 3632 222 3694 Non
236 3642 306 3696 suut
319 3636 397 3696 haec
411 3636 511 3697 mimis
525 3635 730 3714 improbiora,
744 3665 787 3680 -·
798 3632 878 3712 lege.
