2442 4209
155 304 220 371 124
478 315 522 378 M.
538 313 631 379 VAL.
647 313 873 376 Minimus

556 523 562 528 ·
609 511 744 575 nxvni

238 625 354 685 Arctoa
368 622 408 684 dc
425 631 518 704 gente
533 645 650 686 comam
663 621 738 702 tibi,
758 626 888 705 Lesbia,
910 629 996 707 miri,

279 708 323 771 Ut
336 709 452 786 scires,
475 718 588 789 quanto
601 712 644 769 ait
657 716 710 769 tua
722 710 800 770 tiara
811 712 916 790 magis.

620 843 728 907 LXIX.

236 957 353 1017 Antoni
366 955 480 1016 Phario
493 954 540 1017 nil
554 958 716 1017 obiecture
733 956 867 1016 Pothino

277 1040 320 1101 Et
333 1038 434 1101 levius
447 1038 571 1118 tabula,
593 1060 683 1120 qnam
695 1041 850 1100 Cicerone
861 1059 995 1101 nocens:

238 1122 320 1200 Quid
334 1122 469 1203 gladium
483 1123 611 1184 demens
627 1126 763 1184 Romana
777 1125 905 1203 stringis
921 1126 954 1184 in
973 1126 1053 1186 orel

278 1207 348 1268 Hoc
365 1206 540 1268 admisisset
554 1226 613 1267 nec
627 1206 762 1269 Catilina
776 1207 873 1268 nefas.

216 1292 352 1373 tlmpiua
367 1290 495 1352 infando
510 1289 601 1353 miles
615 1292 824 1371 corrumpitur
838 1312 929 1371 aare,

277 1377 320 1437 Et
333 1377 428 1436 tantia
443 1377 553 1457 opibus
567 1395 625 1436 vox
639 1382 724 1436 tacet
736 1394 796 1435 una
809 1362 877 1437 tibi.

238 1460 319 1535 Quid
332 1466 464 1539 prosunt
477 1477 583 1520 sacrae
597 1461 737 1541 pretiose
750 1458 875 1520 silentia
887 1458 1038 1539 linguae?
1103 1514 1106 1519 .

278 1545 430 1624 Incipient
445 1562 551 1604 omnes
564 1563 623 1625 pro
638 1544 792 1604 cicerone
805 1542 900 1623 loqui.

627 1678 720 1742 LXX.

236 1790 371 1851 mineum
386 1793 446 1852 sibi
458 1811 561 1873 nuper
574 1813 592 1853 a
604 1801 737 1874 patrono

236 1872 382 1953 Plenum,
405 1876 556 1955 Maxime,
579 1878 720 1937 centiens
735 1876 878 1955 Syriscus

234 1960 269 2018 ln
284 1957 451 2020 sellariolis
464 1980 558 2040 vagus
572 1962 696 2041 popinis

236 2043 327 2102 Circa
340 2042 450 2104 balnea
466 2052 610 2123 quattuor
624 2045 758 2126 peregit.

213 2126 263 2185 50
279 2131 392 2205 quanta
406 2133 455 2188 est
467 2128 552 2209 gula,
568 2130 710 2191 centiens
724 2130 877 2189 comesse!

237 2211 358 2287 Quanto
370 2212 467 2272 maior
483 2213 600 2294 adhuc,
620 2232 681 2274 nee
696 2213 860 2273 accubare!

618 2347 725 2410 LXXI.

235 2459 369 2521 Humida
384 2480 443 2540 qua
459 2459 577 2540 gelidas
592 2463 756 2523 summittit
771 2459 909 2522 Trebula
921 2455 1023 2519 valles

275 2544 317 2604 Et
333 2544 441 2618 viridis
455 2547 559 2606 cancri
574 2548 732 2607 mensibus
746 2544 830 2624 alget
842 2562 931 2623 ager,

233 2628 316 2688 Rura
333 2626 490 2689 Cleonaeo
507 2649 662 2710 nunquam
676 2636 827 2691 temerata
839 2626 934 2689 leone

275 2713 317 2773 Et
332 2712 439 2774 domus
453 2713 563 2775 Aeolio
579 2732 704 2793 semper
718 2715 815 2773 amica
827 2712 926 2789 Noto,

214 2796 302 2874 ὁΤι,
323 2796 487 2874 Faustino,
508 2803 633 2858 vocant:
655 2796 765 2877 longas
778 2798 828 2858 his
842 2797 932 2875 exige
947 2811 1068 2855 messes
1198 2819 1200 2872 5

277 2878 438 2955 Collibua3
458 2882 623 2942 hibernum
636 2884 696 2943 iam
708 2884 766 2943 tihi
781 2881 881 2943 'liber
895 2881 965 2941 erit.

612 3003 732 3092 nixu.

233 3139 293 3215 Qui
307 3142 409 3218 potuit
423 3142 537 3202 Bacchi
550 3148 681 3203 matrem
696 3140 811 3203 dixisse
823 3146 1001 3216 tonantem,

273 3218 330 3281 illc
344 3231 450 3303 potest
463 3223 609 3287 Semelen
624 3224 747 3303 dicere,
767 3225 865 3303 Rufe,
884 3229 1013 3303 patrem

601 3358 736 3421 LXXlll.

232 3470 301 3531 Non
318 3469 430 3531 donem
444 3472 501 3530 tibi
516 3490 572 3532 cur
587 3490 673 3533 meos
686 3470 812 3533 libellos

234 3553 343 3614 Oranti
359 3554 474 3613 totiens
489 3559 523 3613 ct
537 3556 692 3643 erigenti,
