2442 4209
321 373 662 438 EPIGRAMMA'I'ON
674 373 749 436 LIB.
763 374 812 434 III.
1049 371 1088 437 77

136 527 272 606 Quidvis
286 545 355 604 me,
378 545 472 606 rogo,
494 526 639 603 Phoebe,
661 527 835 606 suspicarit

45 612 55 638 ⁹
134 610 261 674 Mollem
277 609 410 678 credere
423 619 456 670 te
469 611 567 671 sirum
581 608 737 687 volebam,

116 695 195 758 tSed
209 715 316 760 rumor
330 701 425 774 nogat
437 713 507 756 esse
521 702 554 754 te
571 692 742 756 cinaedum.

503 828 637 890 LXXIV.

132 927 287 988 Psilothro
301 929 414 988 faciem
427 925 511 988 levas
526 935 559 988 et
574 927 709 1009 dropace
724 927 848 989 calvam.

171 1011 328 1092 Numquid
343 1019 518 1091 tonsorem,
540 1011 736 1091 Gargiliane,
758 1012 872 1074 tiruea‘.²

135 1096 212 1174 Quid
226 1097 346 1158 faetent
359 1096 498 1176 ungues?
517 1115 587 1155 uam
602 1104 690 1156 certe
705 1116 767 1156 nou
784 1102 874 1177 potes
888 1093 962 1156 illo·

171 1181 304 1258 Resina,
324 1180 448 1243 Veneto
463 1198 521 1240 nec
538 1199 684 1240 resecare
695 1178 777 1245 Into.

114 1265 263 1343 thesine,
286 1266 313 1324 si
327 1263 430 1344 pudor
444 1269 508 1341 est,
526 1265 668 1324 miseram
682 1263 848 1325 traducere
863 1262 992 1324 calvam:

170 1349 239 1409 Hoc
255 1349 328 1409 deri
343 1367 461 1426 cunno,
483 1346 678 1427 Gargilium,
700 1346 790 1411 solet.

510 1481 632 1543 LXXV.

132 1581 237 1660 Stare,
258 1581 418 1663 Luperce,
439 1581 499 1642 tihi
513 1579 708 1660 iampridem
722 1581 859 1642 mentula
875 1581 972 1661 desit,

169 1666 314 1727 Luctaris
330 1666 458 1728 demens
473 1673 508 1726 tu
519 1672 623 1726 tamen
638 1666 787 1744 urrIgere.

132 1749 194 1811 Sed
207 1749 288 1811 nihil
306 1764 418 1811 erucae
434 1751 554 1811 laedunt
566 1747 714 1829 bulbique
729 1749 861 1829 salaces,
922 1808 929 1822 ,

176 1836 320 1914 Improba
335 1853 394 1895 nee
409 1839 540 1915 prosunt
554 1835 614 1894 Iam
629 1835 766 1896 satureia
779 1835 846 1896 tibi.

114 1918 275 2001 bcoepIsti
288 1938 382 1999 puras
398 1921 506 1998 opibus
521 1937 722 1999 corrumpere
736 1919 863 1980 buccas:

171 2003 223 2064 Sic
240 2022 363 2083 quoque
377 2022 439 2062 nou
452 2005 527 2063 vivit
546 2001 711 2063 sollicitata
724 2003 841 2064 Venus.

132 2087 242 2147 Mirari
256 2089 331 2148 satis
344 2088 404 2147 hoc
421 2088 579 2168 quIsquam
593 2086 645 2148 vel
660 2086 792 2148 credere
808 2088 923 2169 possit,

170 2169 261 2247 Quod
275 2191 339 2231 uon
354 2176 431 2249 stat,
453 2191 561 2250 magno
577 2178 676 2250 stare,
697 2172 857 2252 Luperce,
877 2171 957 2232 tibil

435 2315 441 2328 '
508 2305 644 2368 LXXVI.

133 2405 253 2482 Arrigis
268 2403 307 2464 ad
321 2402 456 2480 vetulas,
475 2403 613 2480 lastidIs,
635 2405 746 2482 Basse,
766 2403 901 2484 puellas,

172 2488 238 2548 Nec
251 2488 388 2547 formosa
401 2488 477 2565 tibi,
499 2487 555 2546 aed
571 2489 720 2547 morItura
734 2487 847 2568 placet.

132 2572 200 2648 Hic,
215 2591 303 2651 rogo,
316 2590 379 2631 non
390 2571 480 2630 furor
492 2578 551 2648 est,
564 2591 626 2631 nou
639 2572 716 2631 haec
729 2579 778 2631 est
789 2569 926 2631 mentula
938 2570 1066 2635 demens

173 2657 249 2716 (lum
262 2657 364 2736 possis
378 2655 547 2733 Hecaben,
569 2675 632 2716 non
643 2663 734 2736 potes
748 2655 999 2717 Andromachen!

494 2769 644 2832 LXXVII.

133 2865 195 2927 Nec
209 2865 341 2946 mullus,
363 2886 422 2928 nec
437 2873 471 2928 te
486 2867 639 2945 delectat,
660 2867 804 2945 BaetIce,
825 2868 951 2946 turdus,

173 2952 238 3011 Nee
251 2951 342 3033 lepus
358 2958 407 3012 est
422 2972 571 3032 unquam,
592 2971 652 3012 uec
666 2952 724 3012 tibi
736 2957 842 3030 gratus
856 2972 948 3034 aper;

133 3035 243 3096 Necte
257 3035 322 3096 Iiha
334 3037 458 3114 iuvant,
480 3056 539 3096 nee
554 3043 659 3098 sectae
675 3035 793 3114 quadra
805 3034 984 3116 placentae,

174 3120 238 3181 Nec
251 3120 351 3200 Libye
366 3122 479 3197 mittit,
501 3141 560 3180 nec
575 3123 633 3181 tihi
646 3120 757 3181 Phasis
773 3140 858 3181 aves:

114 3203 288 3285 tcappariu
303 3212 338 3264 et
351 3207 437 3286 putri
452 3225 543 3286 cepas
557 3204 680 3266 hallece
694 3212 837 3266 natantes

172 3290 214 3350 Et
225 3288 349 3370 pulpam
364 3289 458 3350 dublo
473 3289 513 3350 de
527 3297 676 3371 petasone
691 3309 797 3368 voras,
945 3357 948 3362 ,

133 3373 242 3453 'I'eqne
255 3377 362 3434 iuvant
376 3393 485 3453 gerres
500 3383 533 3434 et
547 3373 633 3453 pelle
651 3372 833 3454 melandrya
846 3394 937 3451 caua,

174 3459 320 3521 Resiuata
334 3460 416 3520 bibis
428 3460 498 3520 vina
507 3502 517 3537 ,
526 3459 672 3520 Falerna
685 3460 777 3538 fugis.

133 3541 244 3604 Nescio
261 3543 345 3624 quod
358 3543 509 3606 stomachi
523 3545 629 3605 vitium
646 3544 798 3605 seoretius
812 3526 896 3604 esse

98 3633 127 3686 10
174 3627 335 3709 Suspicor:
357 3637 392 3691 ut
410 3631 485 3710 quid
498 3631 597 3707 euius,
619 3629 763 3707 Baetice,
783 3625 1007 3709 saprophagisi
