2442 4209
169 303 231 370 144
304 252 311 264 ⁸
492 302 644 366 mvsa.
662 270 890 365 mauumms

644 505 738 568 Lxx.

252 624 463 701 Sexageoima,
485 622 663 699 Marciaue,
682 623 793 683 messis

251 709 330 769 Acta
344 713 456 782 estet,
477 716 571 786 puto,
593 708 653 767 iam
667 704 804 766 secunda
819 706 948 789 Guttae,

251 792 318 852 Nec
333 808 367 850 so
384 790 487 851 taedia
499 788 608 851 lectuli
625 789 754 851 calentis

251 876 420 955 Expertum
435 876 576 934 meminit
590 872 642 933 die
657 873 708 934 vel
721 893 792 934 uno.

228 958 399 1023 b0stendit
413 957 559 1037 digitum,
580 957 638 1017 sed
651 956 856 1037 impudicum,

252 1042 379 1103 Alconti
396 1042 550 1120 Dasioque
562 1043 816 1121 symmachoque.

252 1128 295 1188 At
307 1128 406 1186 nostri
421 1129 502 1187 bene
518 1133 736 1206 computentur
751 1126 823 1185 anni

253 1211 296 1274 Et
311 1217 455 1289 quantum
472 1211 604 1271 tetricae
619 1209 721 1271 tulere
741 1210 865 1286 febres,

252 1297 315 1356 Aut
328 1292 458 1370 languor
473 1296 589 1373 gravis,
611 1302 663 1355 aut
677 1292 749 1354 mali
764 1291 909 1370 dolores,

213 1380 281 1443 rob
295 1380 357 1439 ritu
372 1377 501 1438 meliore
515 1385 717 1459 separentur:
745 1444 756 1461 ,
815 1390 819 1395 ’

252 1464 390 1525 Infantes
405 1482 525 1540 sumus,
545 1470 578 1523 et
592 1482 685 1523 senes
700 1461 850 1523 videmur.

252 1540 394 1609 Aetatem
409 1546 586 1626 Priamique
601 1548 806 1626 Nestorisque

249 1631 387 1708 Longum
405 1632 457 1707 qui
471 1638 560 1711 putat
574 1650 662 1709 esse,
680 1631 857 1707 Marciaue,

253 1714 386 1776 Multum
400 1713 618 1795 decipiturque
630 1713 822 1795 falliturque.

211 1799 318 1863 15Non
334 1806 383 1858 est
396 1799 517 1878 vivere,
539 1799 597 1860 sed
611 1797 715 1859 valere
729 1800 791 1860 rita
805 1806 863 1859 est.

639 1933 745 1995 LXXI.

252 2043 358 2107 Edere
372 2044 503 2108 lascivos
519 2047 558 2108 ad
571 2049 697 2108 Raetica
714 2054 866 2107 crusmata
879 2053 985 2125 gestus

294 2129 336 2190 Et
353 2130 514 2192 Gaditanis
528 2131 639 2192 ludere
653 2129 744 2192 docta
757 2130 872 2209 modis,

254 2211 402 2275 Tendere
417 2235 495 2296 quae
509 2214 675 2276 tremulum
690 2214 798 2276 Pelian
814 2216 1026 2295 Hecubaeque
1041 2214 1168 2273 maritum

294 2297 405 2359 Posset
420 2299 457 2360 ad
472 2300 649 2361 Hectoreos
664 2297 836 2361 sollicitare
850 2318 962 2379 rogos,

208 2379 306 2442 oUrit
320 2390 353 2442 et
368 2386 525 2444 excruciat
540 2383 696 2444 dominum
713 2382 885 2445 Telethusa
898 2384 1054 2463 priorem:

297 2465 449 2528 Vendidit
463 2466 621 2546 ancillam,
642 2488 724 2529 nunc
738 2468 865 2528 redimit
884 2467 1046 2531 dominam.

630 2585 750 2663 uxxu.

251 2715 317 2777 Fur
330 2724 422 2777 notae
435 2718 560 2777 nimium
579 2717 756 2796 rapacitatis

253 2799 428 2880 Gompilare
441 2801 521 2861 Cilix
534 2799 659 2861 volebat
672 2801 812 2875 hortum,

254 2882 375 2961 lugenti
392 2884 549 2963 sederat,
568 2882 715 2960 Fabulle,
737 2884 769 2942 lo
785 2880 878 2942 horto

254 2967 387 3028 Praeter
406 2988 610 3029 marmoreum
623 2967 702 3028 nibil
715 2967 870 3047 Priapum.

229 3052 333 3114 ultum
347 3073 409 3113 non
423 3051 490 3114 volt
505 3074 598 3115 vacua
611 3072 703 3113 manu
717 3048 840 3128 redire,

252 3136 353 3215 Ipsum
367 3140 517 3218 surripuit
531 3136 613 3199 cilix
625 3137 780 3216 Priapum.
869 3150 873 3155 ·

630 3270 763 3331 Lxxffl.
773 3292 776 3296 ’

252 3382 322 3444 Non
335 3382 421 3443 rudis
434 3381 560 3444 indocta
574 3385 652 3444 iecit
664 3402 714 3444 me
728 3382 809 3443 falce
824 3380 969 3443 colonusa

294 3467 524 3547 Dispensatoris
538 3467 646 3530 nobile
662 3469 765 3529 cernis
780 3486 868 3548 opus.
999 3488 1011 3509 ⁴

253 3550 328 3612 Nam
343 3553 509 3613 Caeretani
524 3551 627 3613 cultor
640 3554 819 3614 notissimus
833 3551 899 3631 agri
