2442 4209
168 328 226 395 182
490 331 535 395 M.
554 330 644 393 VAL.
660 328 887 390 MARTIALIS

186 524 195 539 .
247 485 316 545 Non
332 485 536 543 Athamanteo
550 484 654 561 potius
668 500 717 541 me
732 483 829 543 mirer
843 484 877 542 ln
892 503 981 562 auro,

207 578 242 631 20
290 567 431 627 Aeolium
448 566 544 625 dones
560 568 586 626 si
600 567 692 643 mihi,
712 565 844 646 Phrixe,
866 585 970 647 pecus.

250 653 276 713 0
293 658 422 732 quantos
439 652 519 711 risus
533 652 654 730 pariter
669 655 809 730 spectato
823 653 960 712 movebit

291 737 367 796 Cum
380 734 518 795 Palatina
532 740 638 794 nostra
651 733 777 794 lacerna
791 736 879 813 toga!

632 867 742 930 XXIX.

248 982 386 1044 Disticha
403 981 455 1060 qui
470 980 594 1059 scribit,
615 986 708 1059 puto,
729 978 796 1040 volt
809 981 965 1041 brerItate
978 980 1094 1062 plaeere

292 1064 374 1144 Quid
387 1064 519 1146 prodest
533 1066 687 1142 brevitas,
710 1063 761 1124 die
776 1064 869 1143 mihi,
890 1066 919 1125 si
931 1063 1014 1125 liber
1027 1067 1092 1126 est?

637 1200 732 1261 XXX.

248 1315 308 1391 Qui
321 1334 403 1376 nune
418 1316 589 1376 Caesareae
601 1315 688 1396 lusus
703 1323 863 1395 spectatur
877 1316 1029 1393 harenae,

292 1400 499 1480 Temporibus
515 1400 604 1459 Bruti
620 1399 718 1478 gloria
733 1418 849 1459 summa
863 1398 933 1461 fult.

249 1484 388 1565 Aspicis,
411 1488 445 1543 ut
460 1489 565 1544 teneat
581 1486 717 1559 flammas
731 1502 893 1564 poenaque
909 1485 1031 1544 fruatur

289 1567 395 1628 FortIs
411 1576 444 1627 et
457 1570 588 1629 attonito
604 1574 716 1647 regnet
731 1570 765 1628 in
779 1570 853 1647 igne
869 1567 989 1628 manus!

227 1652 319 1732 olpse
335 1653 383 1712 sui
399 1659 556 1733 spectator
570 1652 660 1712 adest
674 1658 708 1711 et
722 1652 827 1712 nobile
843 1651 973 1712 dextrae

288 1737 394 1797 Funus
410 1744 507 1796 amat:
528 1737 604 1796 totis
620 1737 757 1816 pascitur
772 1735 829 1796 illa
844 1738 949 1797 saeris.

249 1820 413 1897 Quodnisi
431 1827 519 1901 rapta
533 1820 618 1881 foret
634 1819 754 1880 nolenti
767 1839 885 1900 poena,
906 1820 1038 1901 parabat

291 1906 417 1966 Saevior
431 1907 463 1964 iu
477 1904 576 1965 lassos
591 1907 639 1965 Ire
654 1906 780 1964 sInIstra
794 1905 890 1965 locos.

249 1989 338 2051 Scire
352 1992 438 2070 piget
453 1996 524 2069 post
538 1989 601 2049 tale
617 1988 728 2067 decus,
750 1988 825 2066 quid
839 1988 953 2048 lecerit
969 1979 1058 2047 ante:

208 2083 242 2135 lo
289 2074 386 2150 Quam
398 2073 477 2151 vidi,
500 2076 573 2133 satis
589 2079 638 2133 est
651 2074 730 2133 hanc
744 2074 820 2132 mihi
835 2090 928 2131 nosse
942 2090 1073 2131 manum.

635 2224 745 2284 XXXI.

249 2336 362 2396 Nescio
379 2336 451 2415 quid
467 2336 506 2397 de
522 2344 554 2397 te
568 2356 632 2397 non
645 2337 748 2418 belle,
769 2340 888 2415 bento,
904 2337 1039 2414 fateris,

293 2421 431 2500 Coniuge
447 2423 499 2500 qui
515 2420 606 2482 dueta
621 2423 689 2484 iura
702 2430 834 2506 paterna
846 2424 938 2503 petis.

251 2503 314 2566 Sed
329 2506 388 2565 iam
403 2503 594 2584 supplicibus
611 2505 767 2567 dominum
780 2507 898 2568 lassare
910 2503 1032 2566 libellis

292 2589 407 2649 Desine
422 2591 502 2649 etin
516 2592 647 2670 patriam
662 2610 750 2651 serus
765 2594 802 2651 ab
817 2585 896 2651 urbe
911 2588 989 2649 redi.

227 2673 325 2737 5Nam
342 2673 413 2733 dum
426 2681 459 2734 tu
474 2674 566 2753 longe
581 2672 708 2736 deserta
721 2694 818 2737 uxore
832 2673 949 2754 diuque

295 2759 377 2818 'l'res
393 2760 516 2837 quaeris
529 2764 636 2838 natos,
659 2766 803 2837 quattuor
816 2760 967 2820 invenies.

629 2895 752 2956 XXXII.

82 3010 85 3017 ⁴
193 2998 197 3007 ¹
249 3008 333 3068 Adra
346 3026 405 3089 per
418 3010 545 3068 taoItnm
559 3005 688 3089 delapsa
702 3007 841 3068 sedentis
856 3009 889 3067 in
903 3009 987 3088 ipsso

292 3089 398 3151 Fluxit
413 3090 573 3153 Aretullae
589 3090 704 3153 blenda
719 3093 859 3153 columba
875 3094 968 3151 sinus.

248 3174 381 3249 Luserat
395 3176 455 3236 hoe
470 3195 574 3253 nasus,
595 3178 657 3236 nisi
671 3178 867 3238 lnobservuta
882 3183 1023 3234 moneret

292 3258 508 3339 Permissaque
523 3262 583 3321 sibi
598 3258 700 3321 nollet
715 3262 801 3320 abire
816 3260 898 3339 Iuga.

126 3352 137 3367 '
227 3342 285 3405 ost
301 3342 428 3404 mellora
441 3346 511 3424 piae
528 3345 573 3405 las
589 3353 639 3405 est
651 3362 778 3425 sperare
792 3346 894 3405 sorori

291 3427 333 3487 Et
348 3425 504 3489 domlnnm
518 3428 626 3489 mundi
640 3431 771 3490 tleotere
784 3435 856 3489 vota
870 3430 991 3505 valent,

249 3511 335 3576 Haeo
351 3530 368 3570 a
385 3509 511 3572 Sardois
525 3513 584 3572 tibi
597 3514 730 3574 forsitan
744 3510 844 3574 exulis
860 3514 938 3590 oris,

291 3593 405 3654 Fratre
420 3612 600 3675 reversuro,
622 3599 732 3657 nuncia
745 3599 831 3657 renlt
847 3598 923 3657 avis:

1095 1031 1101 1043 ·
