<?xml version="1.0" encoding="UTF-8"?>
<!DOCTYPE html PUBLIC "-//W3C//DTD XHTML 1.0 Transitional//EN"
    "http://www.w3.org/TR/xhtml1/DTD/xhtml1-transitional.dtd">
<html xmlns="http://www.w3.org/1999/xhtml" xml:lang="en" lang="en">
 <head>
  <title>
</title>
<meta http-equiv="Content-Type" content="text/html;charset=utf-8" />
  <meta name='ocr-system' content='tesseract 3.04.00' />
  <meta name='ocr-capabilities' content='ocr_page ocr_carea ocr_par ocr_line ocrx_word'/>
</head>
<body>
  <div class='ocr_page' id='page_1' title='image "./mvalmartialisep02martgoog_0301.png"; bbox 0 0 2442 4209; ppageno 0'>
   <div class='ocr_carea' id='block_1_1' title="bbox 300 359 1069 429">
    <p class='ocr_par' dir='ltr' id='par_1_1' title="bbox 300 359 1069 429">
     <span class='ocr_line' id='line_1_1' title="bbox 300 359 1069 429; baseline 0.012 -9"><span class='ocrx_word' id='word_1_1' title='bbox 300 359 642 421; x_wconf 81' lang='lat' dir='ltr'><strong>EPIGRAMMATON</strong></span> <span class='ocrx_word' id='word_1_2' title='bbox 654 361 728 423; x_wconf 84' lang='lat' dir='ltr'><strong>Llll.</strong></span> <span class='ocrx_word' id='word_1_3' title='bbox 744 362 796 424; x_wconf 89' lang='lat' dir='ltr'><strong>Xl.</strong></span> <span class='ocrx_word' id='word_1_4' title='bbox 1009 364 1069 429; x_wconf 76' lang='lat'><strong>281</strong></span> 
     </span>
    </p>
   </div>
   <div class='ocr_carea' id='block_1_2' title="bbox 72 509 944 1938">
    <p class='ocr_par' dir='ltr' id='par_1_2' title="bbox 72 509 944 1938">
     <span class='ocr_line' id='line_1_2' title="bbox 152 509 788 590; baseline 0.005 -20"><span class='ocrx_word' id='word_1_5' title='bbox 152 511 194 570; x_wconf 87' lang='lat' dir='ltr'><strong>Et</strong></span> <span class='ocrx_word' id='word_1_6' title='bbox 207 510 292 571; x_wconf 89' lang='lat' dir='ltr'><strong>iuvat</strong></span> <span class='ocrx_word' id='word_1_7' title='bbox 306 509 438 571; x_wconf 87' lang='lat' dir='ltr'><strong>admissa</strong></span> <span class='ocrx_word' id='word_1_8' title='bbox 452 528 598 590; x_wconf 77' lang='lat' dir='ltr'>rumpere</span> <span class='ocrx_word' id='word_1_9' title='bbox 612 509 684 571; x_wconf 89' lang='lat' dir='ltr'><strong>luce</strong></span> <span class='ocrx_word' id='word_1_10' title='bbox 698 511 788 573; x_wconf 87' lang='lat' dir='ltr'><strong>latus.</strong></span> 
     </span>
     <span class='ocr_line' id='line_1_3' title="bbox 109 593 918 676; baseline 0.004 -21"><span class='ocrx_word' id='word_1_11' title='bbox 109 595 221 655; x_wconf 80' lang='lat' dir='ltr'><strong>Fascia</strong></span> <span class='ocrx_word' id='word_1_12' title='bbox 235 601 267 654; x_wconf 90' lang='lat' dir='ltr'><strong>te</strong></span> <span class='ocrx_word' id='word_1_13' title='bbox 282 596 467 673; x_wconf 78' lang='lat' dir='ltr'><strong>tunicaeque</strong></span> <span class='ocrx_word' id='word_1_14' title='bbox 481 596 674 674; x_wconf 75' lang='lat' dir='ltr'><strong>obscuraque</strong></span> <span class='ocrx_word' id='word_1_15' title='bbox 688 593 783 676; x_wconf 90' lang='lat' dir='ltr'><strong>pallia</strong></span> <span class='ocrx_word' id='word_1_16' title='bbox 798 594 918 658; x_wconf 76' lang='lat' dir='ltr'><strong>celant:</strong></span> 
     </span>
     <span class='ocr_line' id='line_1_4' title="bbox 153 675 799 759; baseline 0 -20"><span class='ocrx_word' id='word_1_17' title='bbox 153 679 287 739; x_wconf 77' lang='lat' dir='ltr'><strong>Armini</strong></span> <span class='ocrx_word' id='word_1_18' title='bbox 302 677 388 739; x_wconf 91' lang='lat' dir='ltr'><strong>nulla</strong></span> <span class='ocrx_word' id='word_1_19' title='bbox 403 680 477 739; x_wconf 90' lang='lat' dir='ltr'><strong>satis</strong></span> <span class='ocrx_word' id='word_1_20' title='bbox 494 677 577 738; x_wconf 88' lang='lat' dir='ltr'><strong>unda</strong></span> <span class='ocrx_word' id='word_1_21' title='bbox 589 675 696 759; x_wconf 88' lang='lat' dir='ltr'><strong>puella</strong></span> <span class='ocrx_word' id='word_1_22' title='bbox 706 680 799 739; x_wconf 88' lang='lat' dir='ltr'><strong>iacet.</strong></span> 
     </span>
     <span class='ocr_line' id='line_1_5' title="bbox 109 758 869 842; baseline 0.003 -19"><span class='ocrx_word' id='word_1_23' title='bbox 109 764 200 823; x_wconf 90' lang='lat' dir='ltr'><strong>Basia</strong></span> <span class='ocrx_word' id='word_1_24' title='bbox 215 780 265 821; x_wconf 89' lang='lat' dir='ltr'><strong>me</strong></span> <span class='ocrx_word' id='word_1_25' title='bbox 281 764 405 842; x_wconf 89' lang='lat' dir='ltr'><strong>capiunt</strong></span> <span class='ocrx_word' id='word_1_26' title='bbox 417 758 547 823; x_wconf 88' lang='lat' dir='ltr'><strong>blandas</strong></span> <span class='ocrx_word' id='word_1_27' title='bbox 560 764 680 823; x_wconf 86' lang='lat' dir='ltr'><strong>imitata</strong></span> <span class='ocrx_word' id='word_1_28' title='bbox 697 762 869 825; x_wconf 88' lang='lat' dir='ltr'><strong>columbas:</strong></span> 
     </span>
     <span class='ocr_line' id='line_1_6' title="bbox 74 845 809 925; baseline -0.003 -14"><span class='ocrx_word' id='word_1_29' title='bbox 74 860 102 911; x_wconf 81' lang='grc' dir='ltr'><strong>[ο</strong></span> <span class='ocrx_word' id='word_1_30' title='bbox 150 847 201 907; x_wconf 84' lang='lat' dir='ltr'><strong>Tu</strong></span> <span class='ocrx_word' id='word_1_31' title='bbox 216 846 291 906; x_wconf 89' lang='lat' dir='ltr'><strong>mibi</strong></span> <span class='ocrx_word' id='word_1_32' title='bbox 307 845 376 924; x_wconf 86' lang='lat' dir='ltr'><strong>das,</strong></span> <span class='ocrx_word' id='word_1_33' title='bbox 399 847 483 906; x_wconf 82' lang='lat' dir='ltr'><strong>aviae</strong></span> <span class='ocrx_word' id='word_1_34' title='bbox 499 845 599 925; x_wconf 86' lang='lat' dir='ltr'><strong>qualia</strong></span> <span class='ocrx_word' id='word_1_35' title='bbox 614 866 702 907; x_wconf 87' lang='lat' dir='ltr'><strong>manc</strong></span> <span class='ocrx_word' id='word_1_36' title='bbox 716 846 809 909; x_wconf 89' lang='lat' dir='ltr'><strong>soles.</strong></span> 
     </span>
     <span class='ocr_line' id='line_1_7' title="bbox 109 928 817 1011; baseline -0.001 -20"><span class='ocrx_word' id='word_1_37' title='bbox 109 931 174 992; x_wconf 87' lang='lat' dir='ltr'><strong>Nec</strong></span> <span class='ocrx_word' id='word_1_38' title='bbox 189 936 275 990; x_wconf 94' lang='lat' dir='ltr'><strong>motu</strong></span> <span class='ocrx_word' id='word_1_39' title='bbox 290 928 426 1009; x_wconf 79' lang='lat' dir='ltr'><strong>dignaris</strong></span> <span class='ocrx_word' id='word_1_40' title='bbox 443 946 518 1010; x_wconf 88' lang='lat' dir='ltr'><strong>opus</strong></span> <span class='ocrx_word' id='word_1_41' title='bbox 529 948 591 990; x_wconf 82' lang='lat' dir='ltr'><strong>meo</strong></span> <span class='ocrx_word' id='word_1_42' title='bbox 605 950 682 991; x_wconf 85' lang='lat' dir='ltr'><strong>vooe</strong></span> <span class='ocrx_word' id='word_1_43' title='bbox 695 932 817 1011; x_wconf 70' lang='lat' dir='ltr'><strong>muare,</strong></span> 
     </span>
     <span class='ocr_line' id='line_1_8' title="bbox 150 1013 910 1096; baseline 0.003 -21"><span class='ocrx_word' id='word_1_44' title='bbox 150 1015 217 1075; x_wconf 90' lang='lat' dir='ltr'><strong>Neo</strong></span> <span class='ocrx_word' id='word_1_45' title='bbox 233 1013 353 1093; x_wconf 81' lang='lat' dir='ltr'><strong>digitis:</strong></span> <span class='ocrx_word' id='word_1_46' title='bbox 370 1022 515 1094; x_wconf 87' lang='lat' dir='ltr'><strong>tanquam</strong></span> <span class='ocrx_word' id='word_1_47' title='bbox 529 1022 599 1075; x_wconf 90' lang='lat' dir='ltr'><strong>tura</strong></span> <span class='ocrx_word' id='word_1_48' title='bbox 615 1033 794 1093; x_wconf 88' lang='lat' dir='ltr'><strong>merumque</strong></span> <span class='ocrx_word' id='word_1_49' title='bbox 808 1035 910 1096; x_wconf 88' lang='lat' dir='ltr'><strong>pares.</strong></span> 
     </span>
     <span class='ocr_line' id='line_1_9' title="bbox 109 1099 815 1179; baseline 0 -20"><span class='ocrx_word' id='word_1_50' title='bbox 109 1099 384 1160; x_wconf 78' lang='lat' dir='ltr'><strong>Masturbabantur</strong></span> <span class='ocrx_word' id='word_1_51' title='bbox 397 1099 526 1178; x_wconf 83' lang='lat' dir='ltr'><strong>Phrygii</strong></span> <span class='ocrx_word' id='word_1_52' title='bbox 540 1106 613 1179; x_wconf 88' lang='lat' dir='ltr'><strong>post</strong></span> <span class='ocrx_word' id='word_1_53' title='bbox 625 1099 705 1159; x_wconf 89' lang='lat' dir='ltr'><strong>ostia</strong></span> <span class='ocrx_word' id='word_1_54' title='bbox 718 1101 815 1179; x_wconf 82' lang='lat' dir='ltr'><strong>servi,</strong></span> 
     </span>
     <span class='ocr_line' id='line_1_10' title="bbox 149 1182 812 1264; baseline 0.002 -21"><span class='ocrx_word' id='word_1_55' title='bbox 149 1184 310 1243; x_wconf 87' lang='lat' dir='ltr'><strong>Hectoreo</strong></span> <span class='ocrx_word' id='word_1_56' title='bbox 328 1184 470 1262; x_wconf 88' lang='lat' dir='ltr'><strong>quotiens</strong></span> <span class='ocrx_word' id='word_1_57' title='bbox 485 1182 612 1243; x_wconf 84' lang='lat' dir='ltr'><strong>sederat</strong></span> <span class='ocrx_word' id='word_1_58' title='bbox 626 1203 703 1243; x_wconf 82' lang='lat' dir='ltr'><strong>uror</strong></span> <span class='ocrx_word' id='word_1_59' title='bbox 720 1202 812 1264; x_wconf 90' lang='lat' dir='ltr'><strong>equo.</strong></span> 
     </span>
     <span class='ocr_line' id='line_1_11' title="bbox 72 1266 857 1349; baseline -0.003 -20"><span class='ocrx_word' id='word_1_60' title='bbox 72 1268 149 1329; x_wconf 81' lang='lat' dir='ltr'><strong>15Et</strong></span> <span class='ocrx_word' id='word_1_61' title='bbox 164 1269 301 1347; x_wconf 86' lang='lat' dir='ltr'><strong>quamvis</strong></span> <span class='ocrx_word' id='word_1_62' title='bbox 316 1267 420 1327; x_wconf 89' lang='lat' dir='ltr'><strong>ltbaoo</strong></span> <span class='ocrx_word' id='word_1_63' title='bbox 437 1274 592 1329; x_wconf 80' lang='lat' dir='ltr'><strong>stertente</strong></span> <span class='ocrx_word' id='word_1_64' title='bbox 607 1267 720 1349; x_wconf 89' lang='lat' dir='ltr'><strong>pudica</strong></span> <span class='ocrx_word' id='word_1_65' title='bbox 735 1266 857 1328; x_wconf 85' lang='lat' dir='ltr'><strong>solebat</strong></span> 
     </span>
     <span class='ocr_line' id='line_1_12' title="bbox 149 1350 814 1438; baseline -0.006 -26"><span class='ocrx_word' id='word_1_66' title='bbox 149 1350 219 1412; x_wconf 90' lang='lat' dir='ltr'><strong>illic</strong></span> <span class='ocrx_word' id='word_1_67' title='bbox 233 1350 394 1432; x_wconf 84' lang='lat' dir='ltr'><strong>Penelope</strong></span> <span class='ocrx_word' id='word_1_68' title='bbox 411 1370 535 1432; x_wconf 83' lang='lat' dir='ltr'><strong>semper</strong></span> <span class='ocrx_word' id='word_1_69' title='bbox 553 1354 670 1413; x_wconf 88' lang='lat' dir='ltr'><strong>habere</strong></span> <span class='ocrx_word' id='word_1_70' title='bbox 684 1372 814 1438; x_wconf 80' lang='lat' dir='ltr'><strong>manum.</strong></span> 
     </span>
     <span class='ocr_line' id='line_1_13' title="bbox 106 1434 926 1515; baseline -0.001 -21"><span class='ocrx_word' id='word_1_71' title='bbox 106 1434 279 1495; x_wconf 80' lang='lat' dir='ltr'><strong>l’aedioare</strong></span> <span class='ocrx_word' id='word_1_72' title='bbox 294 1442 403 1515; x_wconf 80' lang='lat' dir='ltr'><strong>negas:</strong></span> <span class='ocrx_word' id='word_1_73' title='bbox 427 1435 518 1496; x_wconf 91' lang='lat' dir='ltr'><strong>dabat</strong></span> <span class='ocrx_word' id='word_1_74' title='bbox 531 1438 591 1497; x_wconf 88' lang='lat' dir='ltr'><strong>hoc</strong></span> <span class='ocrx_word' id='word_1_75' title='bbox 607 1436 754 1496; x_wconf 75' lang='lat' dir='ltr'><strong>Cornelia</strong></span> <span class='ocrx_word' id='word_1_76' title='bbox 769 1434 926 1513; x_wconf 81' lang='lat' dir='ltr'><strong>Graccho,</strong></span> 
     </span>
     <span class='ocr_line' id='line_1_14' title="bbox 151 1519 944 1600; baseline -0.001 -20"><span class='ocrx_word' id='word_1_77' title='bbox 151 1519 229 1581; x_wconf 90' lang='lat' dir='ltr'><strong>lulia</strong></span> <span class='ocrx_word' id='word_1_78' title='bbox 241 1520 407 1600; x_wconf 82' lang='lat' dir='ltr'><strong>i&#39;ompeio,</strong></span> <span class='ocrx_word' id='word_1_79' title='bbox 426 1520 551 1599; x_wconf 85' lang='lat' dir='ltr'><strong>Porcia,</strong></span> <span class='ocrx_word' id='word_1_80' title='bbox 572 1520 684 1597; x_wconf 87' lang='lat' dir='ltr'><strong>Brute,</strong></span> <span class='ocrx_word' id='word_1_81' title='bbox 706 1522 772 1580; x_wconf 90' lang='lat' dir='ltr'><strong>tibi.</strong></span> <span class='ocrx_word' id='word_1_82' title='bbox 941 1530 944 1535; x_wconf 82' lang='lat'>&#39;</span> 
     </span>
     <span class='ocr_line' id='line_1_15' title="bbox 108 1602 855 1665; baseline -0.001 -2"><span class='ocrx_word' id='word_1_83' title='bbox 108 1604 217 1665; x_wconf 83' lang='lat' dir='ltr'><strong>Dulcia</strong></span> <span class='ocrx_word' id='word_1_84' title='bbox 229 1602 384 1665; x_wconf 78' lang='lat' dir='ltr'><strong>llardanio</strong></span> <span class='ocrx_word' id='word_1_85' title='bbox 401 1604 536 1664; x_wconf 93' lang='lat' dir='ltr'><strong>nondum</strong></span> <span class='ocrx_word' id='word_1_86' title='bbox 549 1605 699 1665; x_wconf 79' lang='lat' dir='ltr'><strong>miscente</strong></span> <span class='ocrx_word' id='word_1_87' title='bbox 715 1606 855 1664; x_wconf 90' lang='lat' dir='ltr'><strong>ministro</strong></span> 
     </span>
     <span class='ocr_line' id='line_1_16' title="bbox 72 1688 786 1769; baseline -0.008 -18"><span class='ocrx_word' id='word_1_88' title='bbox 72 1700 102 1751; x_wconf 73' lang='lat'><strong>20</strong></span> <span class='ocrx_word' id='word_1_89' title='bbox 149 1688 267 1749; x_wconf 84' lang='lat' dir='ltr'><strong>Pocula</strong></span> <span class='ocrx_word' id='word_1_90' title='bbox 281 1688 355 1749; x_wconf 94' lang='lat' dir='ltr'><strong>luno</strong></span> <span class='ocrx_word' id='word_1_91' title='bbox 371 1688 432 1750; x_wconf 87' lang='lat' dir='ltr'><strong>fuit</strong></span> <span class='ocrx_word' id='word_1_92' title='bbox 444 1708 502 1768; x_wconf 92' lang='lat' dir='ltr'><strong>pro</strong></span> <span class='ocrx_word' id='word_1_93' title='bbox 517 1688 698 1769; x_wconf 82' lang='lat' dir='ltr'><strong>Ganymede</strong></span> <span class='ocrx_word' id='word_1_94' title='bbox 712 1689 786 1749; x_wconf 88' lang='lat' dir='ltr'><strong>lovi.</strong></span> 
     </span>
     <span class='ocr_line' id='line_1_17' title="bbox 109 1770 871 1853; baseline -0.004 -18"><span class='ocrx_word' id='word_1_95' title='bbox 109 1774 143 1835; x_wconf 85' lang='lat' dir='ltr'><strong>Si</strong></span> <span class='ocrx_word' id='word_1_96' title='bbox 156 1779 191 1833; x_wconf 90' lang='lat' dir='ltr'><strong>te</strong></span> <span class='ocrx_word' id='word_1_97' title='bbox 207 1770 345 1834; x_wconf 90' lang='lat' dir='ltr'><strong>delectat</strong></span> <span class='ocrx_word' id='word_1_98' title='bbox 360 1775 508 1853; x_wconf 85' lang='lat' dir='ltr'><strong>gravitas,</strong></span> <span class='ocrx_word' id='word_1_99' title='bbox 530 1774 677 1834; x_wconf 87' lang='lat' dir='ltr'><strong>Lucretia</strong></span> <span class='ocrx_word' id='word_1_100' title='bbox 692 1780 758 1833; x_wconf 90' lang='lat' dir='ltr'><strong>toto</strong></span> <span class='ocrx_word' id='word_1_101' title='bbox 867 1770 871 1775; x_wconf 81' lang='grc'><strong>’</strong></span> 
     </span>
     <span class='ocr_line' id='line_1_18' title="bbox 152 1854 812 1938; baseline -0.006 -22"><span class='ocrx_word' id='word_1_102' title='bbox 152 1858 203 1917; x_wconf 87' lang='lat' dir='ltr'><strong>Sis</strong></span> <span class='ocrx_word' id='word_1_103' title='bbox 221 1854 299 1918; x_wconf 90' lang='lat' dir='ltr'><strong>licet</strong></span> <span class='ocrx_word' id='word_1_104' title='bbox 313 1877 411 1938; x_wconf 91' lang='lat' dir='ltr'><strong>usque</strong></span> <span class='ocrx_word' id='word_1_105' title='bbox 427 1857 495 1937; x_wconf 88' lang='lat' dir='ltr'><strong>die,</strong></span> <span class='ocrx_word' id='word_1_106' title='bbox 516 1857 611 1917; x_wconf 84' lang='lat' dir='ltr'><strong>Laida</strong></span> <span class='ocrx_word' id='word_1_107' title='bbox 625 1863 718 1917; x_wconf 88' lang='lat' dir='ltr'><strong>nocte</strong></span> <span class='ocrx_word' id='word_1_108' title='bbox 732 1857 812 1918; x_wconf 81' lang='lat' dir='ltr'><strong>volo.</strong></span> 
     </span>
    </p>
   </div>
   <div class='ocr_carea' id='block_1_3' title="bbox 518 1971 581 2033">
    <p class='ocr_par' dir='ltr' id='par_1_3' title="bbox 518 1971 581 2033">
     <span class='ocr_line' id='line_1_19' title="bbox 518 1971 581 2033; baseline 0 -1"><span class='ocrx_word' id='word_1_109' title='bbox 518 1971 581 2033; x_wconf 84' lang='lat' dir='ltr'><strong>CV.</strong></span> 
     </span>
    </p>
   </div>
   <div class='ocr_carea' id='block_1_4' title="bbox 13 2030 939 2230">
    <p class='ocr_par' dir='ltr' id='par_1_4' title="bbox 13 2030 939 2230">
     <span class='ocr_line' id='line_1_20' title="bbox 13 2030 939 2147; baseline -0.005 -16"><span class='ocrx_word' id='word_1_110' title='bbox 13 2030 14 2043; x_wconf 11' lang='grc' dir='ltr'>χ</span> <span class='ocrx_word' id='word_1_111' title='bbox 108 2070 259 2131; x_wconf 83' lang='lat' dir='ltr'><strong>Mittebas</strong></span> <span class='ocrx_word' id='word_1_112' title='bbox 273 2066 401 2147; x_wconf 88' lang='lat' dir='ltr'><strong>libram,</strong></span> <span class='ocrx_word' id='word_1_113' title='bbox 423 2068 643 2147; x_wconf 81' lang='lat' dir='ltr'><strong>quadrantem,</strong></span> <span class='ocrx_word' id='word_1_114' title='bbox 665 2067 811 2144; x_wconf 80' lang='lat' dir='ltr'><strong>Garrice,</strong></span> <span class='ocrx_word' id='word_1_115' title='bbox 832 2066 939 2126; x_wconf 78' lang='lat' dir='ltr'><strong>mittis.</strong></span> 
     </span>
     <span class='ocr_line' id='line_1_21' title="bbox 152 2150 834 2230; baseline -0.004 -17"><span class='ocrx_word' id='word_1_116' title='bbox 152 2152 272 2215; x_wconf 86' lang='lat' dir='ltr'><strong>Saltem</strong></span> <span class='ocrx_word' id='word_1_117' title='bbox 288 2154 462 2229; x_wconf 85' lang='lat' dir='ltr'><strong>semissem,</strong></span> <span class='ocrx_word' id='word_1_118' title='bbox 480 2153 627 2230; x_wconf 86' lang='lat' dir='ltr'><strong>Garriee,</strong></span> <span class='ocrx_word' id='word_1_119' title='bbox 649 2150 735 2212; x_wconf 83' lang='lat' dir='ltr'><strong>solve</strong></span> <span class='ocrx_word' id='word_1_120' title='bbox 749 2150 834 2211; x_wconf 90' lang='lat' dir='ltr'><strong>mibi.</strong></span> 
     </span>
    </p>
   </div>
   <div class='ocr_carea' id='block_1_5' title="bbox 512 2266 588 2329">
    <p class='ocr_par' dir='ltr' id='par_1_5' title="bbox 512 2266 588 2329">
     <span class='ocr_line' id='line_1_22' title="bbox 512 2266 588 2329; baseline -0.026 0"><span class='ocrx_word' id='word_1_121' title='bbox 512 2266 588 2329; x_wconf 84' lang='lat' dir='ltr'><strong>cvl.</strong></span> 
     </span>
    </p>
   </div>
   <div class='ocr_carea' id='block_1_6' title="bbox 106 2364 796 2697">
    <p class='ocr_par' dir='ltr' id='par_1_6' title="bbox 107 2364 613 2442">
     <span class='ocr_line' id='line_1_23' title="bbox 107 2364 613 2442; baseline -0.012 -15"><span class='ocrx_word' id='word_1_122' title='bbox 107 2366 182 2427; x_wconf 90' lang='lat' dir='ltr'><strong>Vibi</strong></span> <span class='ocrx_word' id='word_1_123' title='bbox 195 2364 346 2442; x_wconf 86' lang='lat' dir='ltr'><strong>Maxime,</strong></span> <span class='ocrx_word' id='word_1_124' title='bbox 367 2365 495 2425; x_wconf 80' lang='lat' dir='ltr'><strong>sivaoas</strong></span> <span class='ocrx_word' id='word_1_125' title='bbox 510 2380 613 2441; x_wconf 85' lang='lat' dir='ltr'><strong>avere,</strong></span> 
     </span>
    </p>

    <p class='ocr_par' dir='ltr' id='par_1_7' title="bbox 106 2446 796 2594">
     <span class='ocr_line' id='line_1_24' title="bbox 108 2446 796 2527; baseline -0.004 -19"><span class='ocrx_word' id='word_1_126' title='bbox 108 2450 178 2509; x_wconf 87' lang='lat' dir='ltr'><strong>lloo</strong></span> <span class='ocrx_word' id='word_1_127' title='bbox 196 2456 314 2509; x_wconf 90' lang='lat' dir='ltr'><strong>tantum</strong></span> <span class='ocrx_word' id='word_1_128' title='bbox 326 2446 413 2527; x_wconf 83' lang='lat' dir='ltr'><strong>iege:</strong></span> <span class='ocrx_word' id='word_1_129' title='bbox 435 2466 567 2527; x_wconf 90' lang='lat' dir='ltr'><strong>namque</strong></span> <span class='ocrx_word' id='word_1_130' title='bbox 582 2456 616 2507; x_wconf 89' lang='lat' dir='ltr'><strong>et</strong></span> <span class='ocrx_word' id='word_1_131' title='bbox 630 2451 796 2526; x_wconf 91' lang='lat' dir='ltr'><strong>occupatus</strong></span> 
     </span>
     <span class='ocr_line' id='line_1_25' title="bbox 106 2530 610 2594; baseline 0 -1"><span class='ocrx_word' id='word_1_132' title='bbox 106 2534 148 2594; x_wconf 78' lang='lat' dir='ltr'><strong>nt</strong></span> <span class='ocrx_word' id='word_1_133' title='bbox 161 2552 225 2592; x_wconf 89' lang='lat' dir='ltr'><strong>non</strong></span> <span class='ocrx_word' id='word_1_134' title='bbox 241 2550 276 2591; x_wconf 88' lang='lat' dir='ltr'><strong>es</strong></span> <span class='ocrx_word' id='word_1_135' title='bbox 288 2533 416 2592; x_wconf 85' lang='lat' dir='ltr'><strong>nimium</strong></span> <span class='ocrx_word' id='word_1_136' title='bbox 429 2530 610 2593; x_wconf 88' lang='lat' dir='ltr'><strong>laboriosus.</strong></span> 
     </span>
    </p>

    <p class='ocr_par' dir='ltr' id='par_1_8' title="bbox 108 2614 769 2697">
     <span class='ocr_line' id='line_1_26' title="bbox 108 2614 769 2697; baseline -0.009 -19"><span class='ocrx_word' id='word_1_137' title='bbox 108 2618 239 2677; x_wconf 77' lang='lat' dir='ltr'><strong>Transis</strong></span> <span class='ocrx_word' id='word_1_138' title='bbox 252 2616 310 2676; x_wconf 91' lang='lat' dir='ltr'><strong>hos</strong></span> <span class='ocrx_word' id='word_1_139' title='bbox 328 2635 450 2697; x_wconf 92' lang='lat' dir='ltr'><strong>quoque</strong></span> <span class='ocrx_word' id='word_1_140' title='bbox 465 2615 631 2694; x_wconf 70' lang='lat' dir='ltr'><strong>quattuor?</strong></span> <span class='ocrx_word' id='word_1_141' title='bbox 653 2614 769 2694; x_wconf 87' lang='lat' dir='ltr'><strong>sapisti.</strong></span> 
     </span>
    </p>
   </div>
   <div class='ocr_carea' id='block_1_7' title="bbox 505 2727 595 2789">
    <p class='ocr_par' dir='ltr' id='par_1_9' title="bbox 505 2727 595 2789">
     <span class='ocr_line' id='line_1_27' title="bbox 505 2727 595 2789; baseline 0.022 -2"><span class='ocrx_word' id='word_1_142' title='bbox 505 2727 595 2789; x_wconf 84' lang='lat' dir='ltr'><strong>CVll.</strong></span> 
     </span>
    </p>
   </div>
   <div class='ocr_carea' id='block_1_8' title="bbox 83 2819 964 3158">
    <p class='ocr_par' dir='ltr' id='par_1_10' title="bbox 83 2819 964 3158">
     <span class='ocr_line' id='line_1_28' title="bbox 106 2819 894 2908; baseline -0.014 -18"><span class='ocrx_word' id='word_1_143' title='bbox 106 2826 298 2908; x_wconf 75' lang='lat' dir='ltr'><strong>Explicitum</strong></span> <span class='ocrx_word' id='word_1_144' title='bbox 310 2826 401 2885; x_wconf 85' lang='lat' dir='ltr'><strong>nobis</strong></span> <span class='ocrx_word' id='word_1_145' title='bbox 416 2843 513 2904; x_wconf 90' lang='lat' dir='ltr'><strong>usque</strong></span> <span class='ocrx_word' id='word_1_146' title='bbox 527 2823 568 2883; x_wconf 87' lang='lat' dir='ltr'><strong>ad</strong></span> <span class='ocrx_word' id='word_1_147' title='bbox 584 2843 639 2883; x_wconf 89' lang='lat' dir='ltr'><strong>sua</strong></span> <span class='ocrx_word' id='word_1_148' title='bbox 652 2841 767 2882; x_wconf 89' lang='lat' dir='ltr'><strong>cornua</strong></span> <span class='ocrx_word' id='word_1_149' title='bbox 780 2819 894 2880; x_wconf 89' lang='lat' dir='ltr'><strong>librum</strong></span> 
     </span>
     <span class='ocr_line' id='line_1_29' title="bbox 148 2906 851 2992; baseline -0.009 -19"><span class='ocrx_word' id='word_1_150' title='bbox 148 2914 190 2974; x_wconf 81' lang='lat' dir='ltr'><strong>Et</strong></span> <span class='ocrx_word' id='word_1_151' title='bbox 205 2912 294 2992; x_wconf 87' lang='lat' dir='ltr'><strong>quasi</strong></span> <span class='ocrx_word' id='word_1_152' title='bbox 308 2909 499 2991; x_wconf 88' lang='lat' dir='ltr'><strong>perlectum,</strong></span> <span class='ocrx_word' id='word_1_153' title='bbox 523 2909 716 2988; x_wconf 86' lang='lat' dir='ltr'><strong>Septiciana,</strong></span> <span class='ocrx_word' id='word_1_154' title='bbox 738 2906 851 2967; x_wconf 78' lang='lat' dir='ltr'><strong>refers.</strong></span> 
     </span>
     <span class='ocr_line' id='line_1_30' title="bbox 105 2989 964 3073; baseline -0.013 -16"><span class='ocrx_word' id='word_1_155' title='bbox 105 2998 219 3058; x_wconf 85' lang='lat' dir='ltr'><strong>Omnia</strong></span> <span class='ocrx_word' id='word_1_156' title='bbox 233 2995 348 3073; x_wconf 84' lang='lat' dir='ltr'><strong>legisti.</strong></span> <span class='ocrx_word' id='word_1_157' title='bbox 377 2992 501 3071; x_wconf 77' lang='lat' dir='ltr'><strong>Credo,</strong></span> <span class='ocrx_word' id='word_1_158' title='bbox 524 2994 606 3071; x_wconf 86' lang='lat' dir='ltr'><strong>seio,</strong></span> <span class='ocrx_word' id='word_1_159' title='bbox 629 2989 765 3071; x_wconf 77' lang='lat' dir='ltr'><strong>gaudeo,</strong></span> <span class='ocrx_word' id='word_1_160' title='bbox 786 3006 893 3049; x_wconf 86' lang='lat' dir='ltr'><strong>verum</strong></span> <span class='ocrx_word' id='word_1_161' title='bbox 907 2993 964 3047; x_wconf 81' lang='lat' dir='ltr'><strong>est</strong></span> 
     </span>
     <span class='ocr_line' id='line_1_31' title="bbox 83 3077 774 3158; baseline -0.014 -15"><span class='ocrx_word' id='word_1_162' title='bbox 83 3112 89 3128; x_wconf 51' lang='grc' dir='ltr'><em>ι</em></span> <span class='ocrx_word' id='word_1_163' title='bbox 149 3078 281 3158; x_wconf 76' lang='lat' dir='ltr'><strong>Perlegi</strong></span> <span class='ocrx_word' id='word_1_164' title='bbox 292 3077 392 3139; x_wconf 86' lang='lat' dir='ltr'><strong>libros</strong></span> <span class='ocrx_word' id='word_1_165' title='bbox 408 3080 452 3138; x_wconf 89' lang='lat' dir='ltr'><strong>aio</strong></span> <span class='ocrx_word' id='word_1_166' title='bbox 464 3095 525 3155; x_wconf 84' lang='lat' dir='ltr'><strong>ego</strong></span> <span class='ocrx_word' id='word_1_167' title='bbox 542 3078 678 3156; x_wconf 87' lang='lat' dir='ltr'><strong>quinque</strong></span> <span class='ocrx_word' id='word_1_168' title='bbox 696 3081 774 3134; x_wconf 84' lang='lat' dir='ltr'><strong>tuos.</strong></span> 
     </span>
    </p>
   </div>
   <div class='ocr_carea' id='block_1_9' title="bbox 489 3189 593 3252">
    <p class='ocr_par' dir='ltr' id='par_1_11' title="bbox 489 3189 593 3252">
     <span class='ocr_line' id='line_1_32' title="bbox 489 3189 593 3252; baseline -0.01 -2"><span class='ocrx_word' id='word_1_169' title='bbox 489 3189 593 3252; x_wconf 83' lang='lat' dir='ltr'><strong>GVlll.</strong></span> 
     </span>
    </p>
   </div>
   <div class='ocr_carea' id='block_1_10' title="bbox 106 3280 918 3620">
    <p class='ocr_par' dir='ltr' id='par_1_12' title="bbox 106 3280 878 3453">
     <span class='ocr_line' id='line_1_33' title="bbox 106 3280 878 3369; baseline -0.012 -17"><span class='ocrx_word' id='word_1_170' title='bbox 106 3291 251 3369; x_wconf 78' lang='lat' dir='ltr'><strong>Quamvis</strong></span> <span class='ocrx_word' id='word_1_171' title='bbox 268 3296 330 3349; x_wconf 88' lang='lat' dir='ltr'><strong>tam</strong></span> <span class='ocrx_word' id='word_1_172' title='bbox 344 3286 438 3367; x_wconf 84' lang='lat' dir='ltr'><strong>longo</strong></span> <span class='ocrx_word' id='word_1_173' title='bbox 452 3288 552 3368; x_wconf 79' lang='lat' dir='ltr'><strong>possis</strong></span> <span class='ocrx_word' id='word_1_174' title='bbox 568 3294 653 3346; x_wconf 89' lang='lat' dir='ltr'><strong>satur</strong></span> <span class='ocrx_word' id='word_1_175' title='bbox 669 3304 738 3345; x_wconf 86' lang='lat' dir='ltr'><strong>esse</strong></span> <span class='ocrx_word' id='word_1_176' title='bbox 751 3280 878 3352; x_wconf 76' lang='lat' dir='ltr'><strong>libello,</strong></span> 
     </span>
     <span class='ocr_line' id='line_1_34' title="bbox 148 3369 863 3453; baseline -0.013 -17"><span class='ocrx_word' id='word_1_177' title='bbox 148 3374 282 3453; x_wconf 86' lang='lat' dir='ltr'><strong>Lector,</strong></span> <span class='ocrx_word' id='word_1_178' title='bbox 306 3372 405 3433; x_wconf 90' lang='lat' dir='ltr'><strong>adhuc</strong></span> <span class='ocrx_word' id='word_1_179' title='bbox 421 3393 438 3431; x_wconf 98' lang='lat' dir='ltr'><strong>a</strong></span> <span class='ocrx_word' id='word_1_180' title='bbox 451 3390 500 3431; x_wconf 90' lang='lat' dir='ltr'><strong>me</strong></span> <span class='ocrx_word' id='word_1_181' title='bbox 515 3369 648 3431; x_wconf 89' lang='lat' dir='ltr'><strong>disticha</strong></span> <span class='ocrx_word' id='word_1_182' title='bbox 661 3388 757 3451; x_wconf 88' lang='lat' dir='ltr'><strong>pauca</strong></span> <span class='ocrx_word' id='word_1_183' title='bbox 771 3369 863 3449; x_wconf 87' lang='lat' dir='ltr'><strong>petis.</strong></span> 
     </span>
    </p>

    <p class='ocr_par' dir='ltr' id='par_1_13' title="bbox 108 3453 918 3620">
     <span class='ocr_line' id='line_1_35' title="bbox 108 3453 870 3539; baseline -0.01 -20"><span class='ocrx_word' id='word_1_184' title='bbox 108 3458 173 3520; x_wconf 89' lang='lat' dir='ltr'><strong>Sed</strong></span> <span class='ocrx_word' id='word_1_185' title='bbox 189 3460 295 3539; x_wconf 83' lang='lat' dir='ltr'><strong>Lupus</strong></span> <span class='ocrx_word' id='word_1_186' title='bbox 310 3474 434 3516; x_wconf 91' lang='lat' dir='ltr'><strong>usuram</strong></span> <span class='ocrx_word' id='word_1_187' title='bbox 448 3456 538 3536; x_wconf 89' lang='lat' dir='ltr'><strong>pueri</strong></span> <span class='ocrx_word' id='word_1_188' title='bbox 562 3472 601 3514; x_wconf 91' lang='lat' dir='ltr'><strong>ue</strong></span> <span class='ocrx_word' id='word_1_189' title='bbox 620 3453 717 3514; x_wconf 88' lang='lat' dir='ltr'><strong>diaria</strong></span> <span class='ocrx_word' id='word_1_190' title='bbox 729 3458 870 3534; x_wconf 86' lang='lat' dir='ltr'><strong>poscunt.</strong></span> 
     </span>
     <span class='ocr_line' id='line_1_36' title="bbox 148 3474 918 3620; baseline -0.017 -16"><span class='ocrx_word' id='word_1_191' title='bbox 148 3544 282 3620; x_wconf 90' lang='lat' dir='ltr'><strong>Lector,</strong></span> <span class='ocrx_word' id='word_1_192' title='bbox 302 3538 395 3602; x_wconf 79' lang='lat' dir='ltr'><strong>salve.</strong></span> <span class='ocrx_word' id='word_1_193' title='bbox 429 3540 528 3600; x_wconf 87' lang='lat' dir='ltr'><strong>Taces</strong></span> <span class='ocrx_word' id='word_1_194' title='bbox 541 3474 800 3617; x_wconf 64' lang='lat' dir='ltr'><strong>dissimulasque‘l</strong></span> <span class='ocrx_word' id='word_1_195' title='bbox 828 3531 918 3599; x_wconf 86' lang='lat' dir='ltr'><strong>Vale.</strong></span> 
     </span>
    </p>
   </div>
   <div class='ocr_carea' id='block_1_11' title="bbox 0 0 1226 4209">
    <p class='ocr_par' dir='ltr' id='par_1_14' title="bbox 0 0 1226 4209">
     <span class='ocr_line' id='line_1_37' title="bbox 0 0 1226 4209; baseline 0 1"><span class='ocrx_word' id='word_1_196' title='bbox 0 0 1226 4209; x_wconf 95' lang='lat' dir='ltr'><strong> </strong></span> 
     </span>
    </p>
   </div>
  </div>
 </body>
</html>
