2442 4209
274 324 616 387 EPIGRAMMATON
629 327 705 390 [ΑΒ.
720 329 772 391 vl.
976 272 1045 398 m

135 474 206 535 uuit
220 482 255 535 et
268 476 433 555 hibernes,
455 477 482 537 si
497 483 644 557 tepuere,
667 478 745 543 dies.

81 558 171 637 equid
185 560 294 619 fecere
308 558 382 620 muli
396 568 521 621 nostrae
534 562 609 640 tibi,
631 581 739 641 saeve,
752 562 912 641 lucernae,

135 642 262 704 Tollere
278 643 318 703 ‹lc
333 646 466 724 scopulis
481 665 556 724 quus
571 643 650 707 levis
666 667 740 708 curu
751 649 878 727 potest?

101 730 211 805 Quanto
227 726 415 808 simplicius,
437 738 550 808 quanto
566 737 616 790 est
629 731 790 792 humanius
803 730 901 809 illud,

133 812 242 872 Mouse
256 810 307 871 vel
320 812 459 891 Augusto
475 832 598 875 sumere
614 816 818 895 guusupiues‘l

497 946 561 1009 tx.

97 1046 165 1106 Rem
179 1046 292 1105 luctam
307 1044 486 1125 Pompullus
500 1047 612 1125 habet,
634 1046 798 1108 Faustiue:
819 1046 942 1126 legetur

131 1130 170 1189 lit
182 1148 296 1189 nomeu
309 1136 376 1189 toto
391 1137 516 1209 sparget
533 1132 565 1190 iu
582 1131 660 1190 orbe
673 1150 769 1192 suum.

98 1214 141 1274 Sic
154 1212 225 1274 leve
239 1214 388 1273 flavorum
401 1213 501 1275 valeat
514 1232 611 1293 genus
627 1215 808 1295 Usiporum,
912 1232 917 1239 ’

132 1298 276 1377 Quisquis
292 1304 325 1357 et
338 1299 507 1359 Ausonium
521 1318 584 1359 nou
598 1305 678 1359 omut
691 1301 865 1379 imperium.

80 1383 250 1462 tlugeuiosu
262 1387 367 1442 tomen
381 1381 537 1463 Pompulli
551 1386 668 1463 scriptu
682 1383 842 1443 feruutur:

131 1466 192 1527 Sed
206 1468 306 1526 famae
319 1486 382 1526 nou
398 1473 447 1527 est
464 1468 539 1545 hoc,
561 1469 637 1528 milri
654 1466 766 1545 crede,
787 1467 871 1529 sutis.

98 1553 184 1628 Quum
198 1549 401 1625 multitiueus
416 1559 545 1631 poscunt
556 1550 731 1631 blattasque
746 1550 873 1635 diserti,

130 1637 169 1695 Et
183 1636 341 1696 redimunt
354 1632 414 1695 soli
431 1637 565 1695 carmina
583 1634 674 1697 doctr
688 1638 770 1697 coci!

98 1721 199 1781 Nescio
215 1718 290 1799 quid
305 1717 377 1799 plus
392 1730 455 1795 est,
478 1719 561 1800 quod
576 1718 671 1785 doust
686 1718 808 1781 saecule
824 1719 955 1779 chartis:

66 1812 93 1865 1⁰
130 1804 273 1867 Victurus
288 1804 422 1865 Genium
437 1802 532 1865 debet
545 1804 663 1865 habere
678 1802 771 1865 liber.

490 1936 567 1998 LXI.

98 2032 220 2114 Laudat,
244 2042 341 2113 umet,
363 2042 466 2096 cuntot
479 2043 602 2097 nostros
617 2055 684 2097 meu
697 2036 793 2096 Romu
810 2033 956 2114 libellos,

131 2119 243 2200 Meque
259 2120 344 2181 sinus
359 2121 472 2198 omnis,
494 2139 542 2179 mc
557 2141 663 2181 munus
678 2120 776 2180 omnis
791 2121 893 2180 habet.

98 2202 169 2263 Ecce
187 2205 280 2264 rubet
296 2202 435 2283 quidam,
454 2204 568 2284 pallet,
591 2212 711 2286 stupet,
735 2207 861 2283 oscitat,
884 2203 959 2265 odit.

132 2288 196 2348 lloc
209 2287 298 2349 volo:
320 2307 401 2349 nuuc
416 2289 505 2348 nobis
523 2291 658 2349 carmina
672 2295 777 2348 nostru
791 2288 926 2369 placent.

479 2422 570 2487 LXII.

97 2516 198 2580 Amisit
211 2530 301 2601 puter
316 2522 437 2581 unicum
453 2518 597 2580 Salanus:

97 2600 199 2663 (lessus
214 2606 340 2664 mittere
356 2623 499 2680 munere,
522 2603 685 2685 Oppluue‘l

96 2684 175 2764 lleu,
196 2687 322 2748 crudele
337 2688 424 2747 nefus
439 2686 598 2766 malaeque
612 2687 744 2747 Porcus!

98 2770 185 2831 Cuius
199 2771 328 2832 volturis
343 2774 403 2832 hoc
418 2774 479 2833 erit
493 2771 647 2832 cadaver?

473 2906 577 2967 LXlll.

97 3001 158 3063 Scis
173 3008 353 3086 temptari,
375 3007 436 3066 scis
449 3007 530 3065 hunc
547 3007 599 3084 qui
617 3012 736 3086 captet,
759 3025 899 3080 uvarum,

131 3088 172 3147 ut
187 3091 244 3149 scis
259 3092 312 3168 qul
326 3097 444 3170 captat,
468 3089 559 3168 quid,
580 3090 738 3163 Marione,
760 3088 845 3151 velit.

96 3171 141 3233 'l'u
156 3182 255 3233 tumen
268 3175 350 3234 huuc
366 3173 478 3234 tubulis
492 3173 657 3251 heredem,
679 3171 792 3250 stulte,
814 3175 966 3253 supremis

91 3318 98 3329 ,
132 3257 247 3318 Scribis
261 3264 294 3319 et
313 3277 383 3319 esse
396 3266 451 3319 tuo
466 3261 527 3336 vis,
549 3259 686 3334 furiose,
708 3256 789 3319 loco.
944 3253 946 3259 ’

78 3341 245 3419 t,‚llluuerr
258 3362 368 3422 mogus
381 3348 485 3404 tamen
498 3344 616 3403 misit.“
645 3341 710 3403 Sed
723 3341 808 3402 misit
822 3343 855 3401 iu
865 3342 973 3414 hamo;

132 3426 173 3487 Et
186 3428 370 3507 piscatorem
386 3430 480 3508 piscis
496 3446 598 3488 umore
613 3426 741 3508 potest?

96 3510 204 3570 lliciue
219 3510 347 3573 deflebit
360 3532 434 3572 vero
450 3520 502 3573 tuo
515 3512 579 3571 fata
594 3510 727 3571 dolore?

134 3594 168 3655 Sl
182 3598 282 3677 cupis,
301 3602 336 3656 ut
348 3598 468 3678 ploret,
491 3595 562 3675 des,
584 3596 741 3673 lilerium,
760 3591 849 3655 nihil.
