2442 4209
164 338 206 402 26
441 397 444 402 ,
488 340 531 400 Μ.
547 339 639 402 VAL.
658 337 887 400 Mancinus

251 490 395 553 Gaudent
409 492 531 551 iocosae
547 490 643 550 Canio
659 510 713 562 suc
729 488 853 568 Gades,

208 587 242 638 10
291 575 430 634 Emerita
444 575 581 634 Deciano
596 592 683 634 meo:

189 673 192 682 ¹
250 659 315 736 Te,
337 658 513 737 Liclniane‚
533 657 716 738 gloriabitur
730 663 853 736 nostra,
935 655 943 666 ’

290 743 356 803 Nec
371 761 419 802 me
432 744 549 804 tacebit
564 740 698 802 Bilbilis.

642 876 735 937 LXII.

251 993 343 1052 Casta
358 1011 417 1052 nec
431 991 565 1071 antiquis
581 989 695 1050 cedens
709 989 843 1049 Laevina
858 988 981 1051 Sabinis

290 1076 333 1137 Et
347 1076 482 1155 quamvis
496 1075 608 1134 tetrico
622 1074 744 1133 tristior
757 1073 825 1152 ipsa
839 1074 905 1132 vira
963 1111 967 1117 »

250 1161 329 1220 Ilum
343 1159 433 1219 modu
448 1157 601 1235 Lucrino,
624 1155 715 1216 modo
731 1173 765 1216 se
780 1158 937 1236 permittit
950 1159 1093 1239 Averno,

291 1245 332 1305 nt
347 1243 555 1303 dntaiauls
570 1259 665 1322 saepe
680 1241 804 1300 iuvetur
818 1243 922 1320 aquis,

229 1327 365 1390 5Incidit
377 1329 410 1386 in
424 1328 559 1388 flammas
577 1327 782 1404 iuvenemque
797 1332 903 1385 secuta
921 1323 1033 1388 relicto

197 1403 202 1415 '
291 1412 430 1490 Coniuge
445 1409 605 1490 Penelope
621 1411 723 1487 veuit,
745 1408 810 1470 abit
824 1408 960 1473 Helene.

632 1544 736 1604 LXIII.

247 1657 291 1718 Ut
306 1659 437 1717 recitem
451 1658 509 1717 tibi
522 1663 629 1717 nostra
642 1673 733 1734 rogas
747 1657 975 1735 epigrammata.
1009 1655 1102 1719 Nolo.

290 1741 359 1801 Non
373 1741 499 1820 audire,
522 1740 634 1818 Celer,
657 1737 714 1798 sed
728 1739 864 1799 recitare
879 1741 974 1822 cupis.
1002 1826 1005 1829 Ι

635 1873 743 1935 LXIV.

234 1988 335 2048 'Bella
349 2007 399 2066 es,
421 1990 576 2066 nonianus,
598 1993 631 2046 et
648 1984 771 2067 puella,
790 2004 897 2045 verum
913 1993 980 2066 est,

248 2072 290 2131 Et
303 2071 403 2147 dives,
423 2073 491 2150 quis
506 2074 588 2132 euim
602 2075 709 2153 potest
721 2071 862 2148 negare?

248 2155 313 2215 Sed
329 2175 397 2215 cnm
412 2160 445 2216 te
460 2157 601 2233 nimium,
623 2154 767 2232 Fabulla,
788 2152 916 2233 landas,
985 2195 987 2200 -

248 2239 313 2299 Nec
332 2238 417 2300 dives
431 2258 534 2320 neque
549 2239 633 2302 bella
648 2257 707 2298 uec
721 2237 827 2318 puella
841 2259 885 2299 es.

643 2375 737 2438 LXV.

205 2485 281 2546 Cum
297 2487 360 2548 dixi
374 2487 467 2565 ficus,
489 2485 575 2547 rides
593 2489 678 2562 quasi
693 2489 823 2548 barbara
836 2490 932 2548 verba

246 2571 288 2631 Et
303 2570 365 2631 dici
379 2572 472 2649 ficos,
496 2572 690 2649 caeciliane,
711 2573 808 2632 iubes.

204 2654 348 2716 Dicemus
364 2656 457 2732 fleus,
481 2675 556 2734 quas
571 2657 684 2716 scimus
698 2656 730 2714 in
745 2656 971 2732 sinarcumi,

246 2740 388 2801 Dicemus
402 2740 495 2817 ficos,
517 2739 710 2816 caeciliane,
731 2744 810 2800 tuus.

626 2886 736 2948 LXVI.

245 2998 340 3058 Erras
354 3001 558 3060 meorum-fur
573 3019 663 3060 avare
676 2999 863 3078 librorum,-

244 3083 331 3142 Fieri
346 3088 469 3162 poetam
484 3103 576 3164 posse
592 3086 645 3163 qui
659 3091 750 3164 putas
763 3091 871 3161 tanta,

183 3181 189 3192 ·
246 3165 407 3246 Scriptura
424 3170 531 3246 quanti
547 3175 669 3228 constat
685 3175 719 3228 et
732 3176 834 3228 tumus
849 3166 930 3232 vilia.

245 3248 313 3308 Non
328 3269 382 3310 aex
398 3259 523 3330 paratur
538 3259 590 3311 ant
606 3252 714 3312 decem
729 3254 845 3332 sophos
860 3253 1008 3313 nummis:

223 3333 376 3395 ascereta
391 3354 506 3414 quaere
522 3338 659 3396 carmina
673 3343 705 3395 et
719 3336 814 3396 rudes
830 3355 919 3397 curas

246 3418 326 3495 Quas
342 3421 428 3478 novit
442 3439 519 3479 unus
534 3421 715 3499 scrinioque
730 3422 866 3498 signatas

246 3503 390 3581 Custodit
405 3505 474 3583 ipse
491 3505 621 3582 virginis
635 3512 725 3585 pater
740 3505 905 3582 chartae,-

245 3586 329 3663 Qnac
344 3589 418 3647 trita
434 3588 511 3647 duro
527 3607 589 3646 nou
606 3589 764 3649 Inhorruit
778 3594 894 3651 mento.
