2442 4209
461 401 505 463 M.
522 401 613 462 VAL.
632 399 859 506 MAltTlrlLlS

224 555 321 617 Venit
336 556 373 615 ab
389 554 515 635 Orpheo
530 553 630 614 cultor
644 553 844 635 Rhodopeius
857 555 994 634 Haemo,

266 640 362 701 Venit
377 647 410 699 et
425 648 518 720 epoto
535 637 674 699 Sarmata
685 645 791 719 pastus
805 658 903 718 equo,
931 658 938 674 ¹

201 725 266 786 bEt
278 725 330 803 qni
342 725 441 804 prima
455 724 533 782 bibit
544 721 692 804 deprensi
706 724 831 783 flumina
842 722 924 801 Nili,

265 809 306 868 ut
319 826 409 886 quem
421 825 582 888 supremae
597 807 738 888 Tethyos
753 807 835 868 unda
845 808 938 884 ierit3

222 894 395 954 Festinavit
408 893 525 970 Arabs,
546 891 735 952 festinavere
747 893 874 971 Sabaei,

265 978 307 1038 Et
322 977 436 1038 Cilices
454 978 565 1037 nimbis
580 977 632 1036 hic
644 975 791 1036 maduere
805 979 876 1039 snis.

190 1075 202 1088 '
225 1063 371 1122 Crinibus
384 1063 418 1121 in
430 1061 544 1122 nodum
561 1062 637 1121 torti
649 1079 766 1121 venere
781 1060 947 1139 Sicambri,

184 1159 218 1210 10
268 1147 369 1225 Atque
382 1145 473 1206 aliter
487 1147 579 1206 tortis
596 1146 732 1205 crinibus
745 1146 927 1226 Aethiopes.

225 1232 293 1312 Vox
309 1229 429 1291 diversa
444 1236 533 1290 sonat
547 1229 747 1310 populorum,
763 1236 828 1290 tum
842 1238 946 1291 tamen
958 1249 1018 1290 nna
1032 1235 1099 1308 est,

268 1316 343 1375 Cum
358 1333 448 1374 verna
463 1315 582 1396 patriae
599 1313 713 1375 diceris
729 1333 799 1375 esse
812 1322 911 1396 pater.

636 1449 686 1511 lv·

226 1568 333 1632 Turba
352 1569 451 1647 gravis
464 1515 750 1649 paciplaeidaeqne
766 1553 889 1628 inimica
903 1568 1017 1647 quieti,

269 1653 353 1729 Quae
368 1671 491 1732 semper
506 1652 634 1712 miseras
652 1650 839 1713 sollicitabat
852 1671 945 1734 opes,

226 1736 357 1797 Tradita
372 1735 529 1814 Gaetulia,
545 1755 604 1797 nec
618 1738 703 1818 cepit
717 1738 834 1797 harena
847 1742 1014 1797 nocentes:

264 1821 309 1881 Et
326 1820 448 1882 delator
462 1822 557 1882 habet
571 1820 654 1900 qnod
669 1821 760 1881 dabat
774 1819 907 1883 exilium.

225 2159 337 2223 Exulat
351 2161 488 2220 Ausonia
501 2159 650 2240 profugus
665 2158 786 2220 delator
801 2162 838 2220 ab
849 2161 943 2221 urbe:

266 2247 352 2306 Haec
367 2243 444 2304 licet
458 2245 605 2325 impensis
618 2244 769 2326 principis
783 2262 975 2306 annumeres.

639 2380 676 2441 V.

222 2500 361 2560 lunctam
377 2498 550 2578 Pasiphaen
565 2499 693 2558 Dictaeo
709 2495 830 2558 credite
842 2504 947 2558 tauros

269 2582 426 2659 Vldimns,
445 2584 564 2663 accepit
577 2581 683 2643 fabula
695 2582 798 2663 prisca
811 2579 915 2645 fidem.

222 2669 290 2729 Nec
304 2687 338 2729 se
353 2669 500 2745 miretur,
511 2667 646 2746 Caesar,
664 2666 811 2747 longaeva
827 2672 977 2727 vetustas:

269 2751 426 2830 Quidquid
439 2753 526 2812 sama
534 2753 631 2830 canit,
651 2758 790 2833 praestat
804 2752 921 2811 harena
934 2750 1000 2810 tibi.

630 2887 682 2949 Vl.

225 3002 367 3083 Belliger
382 3005 504 3066 invictis
519 3002 601 3081 qnod
615 3005 702 3066 Mars
714 3006 771 3066 tibi
789 3006 886 3065 servit
901 3005 933 3064 in
949 3004 1058 3083 armis,

266 3088 335 3149 Non
349 3090 423 3150 satis
437 3095 501 3167 est,
523 3090 653 3168 Caesar,
674 3091 770 3150 servit
783 3096 816 3150 et
829 3091 896 3170 ipsa
912 3089 1025 3152 Venas.

224 3427 418 3488 Prostratum
432 3434 515 3488 vasta
529 3428 662 3489 Nemees
673 3428 706 3488 in
721 3425 801 3488 valle
814 3425 938 3488 leonem

267 3510 380 3572 Nobile
399 3518 433 3572 et
450 3511 640 3573 Herculeum
655 3512 735 3572 fama
753 3513 882 3573 canebat
897 3531 982 3592 opus.

226 3595 333 3656 Prisca
346 3595 425 3657 fides
440 3601 557 3657 taceat:
579 3617 649 3657 nam
664 3603 735 3677 post
749 3604 802 3657 tna
816 3615 959 3674 munera,
979 3595 1127 3677 Caesar,
1216 3608 1217 3645 ὲ

267 3681 336 3740 Hoc
350 3682 408 3741 iam
423 3681 557 3741 femineo
575 3727 953 3746 ........
