2442 4209
179 370 242 435 262
509 369 555 433 M.
572 367 666 433 VAL.
681 368 909 431 MAlt'l’lALlS

266 527 342 588 Cum
358 530 461 585 temen
476 524 610 585 instaret
624 521 774 602 „deciens
788 524 865 584 milri
880 521 960 585 dotis
972 524 1003 583 in
1013 542 1076 584 noro

307 608 427 691 Sponsa
442 607 552 669 dsbis“
567 607 646 669 dixi:
669 607 745 689 quid
758 608 858 669 minus
875 626 944 669 esse
957 609 1067 690 potest?

243 694 355 774 5‚,Nec
368 694 487 755 futuum
502 695 639 773 quemvis
651 694 800 774 primate
815 699 910 755 noete
923 694 1052 771 meritur,

307 779 485 841 Communis
499 785 602 839 tecum
617 796 677 838 nec
692 778 767 838 mihi
784 776 888 839 lectus
904 780 977 853 erit;

265 863 525 944 Complectarque
539 882 654 942 meum,
674 880 734 922 nec
747 868 782 922 tu
794 864 990 943 prohibebis,
1011 862 1123 938 aminon,
1190 911 1191 914 ,

305 948 459 1009 Ancillam
472 948 578 1009 mittes
592 947 917 1010 etmihiiussrtusrn.
1190 953 1191 960 ’

264 1034 314 1095 Te
329 1038 492 1113 spectante
507 1031 593 1094 debit
607 1032 698 1093 nobis
711 1029 824 1093 lusoir·
838 1034 979 1094 minister

223 1126 258 1181 10
305 1118 411 1197 Basia,
432 1117 496 1179 rive
511 1135 614 1196 meus,
636 1117 780 1177 sive'e'rit
793 1114 852 1177 ille
867 1123 948 1179 tuns.

264 1202 314 1265 Ad
329 1222 437 1264 cenom
450 1202 574 1280 venies,
597 1200 655 1263 red
667 1203 713 1261 sic
728 1199 825 1262 diviso
839 1203 1013 1279 recumbes,

306 1288 350 1350 Ut
365 1308 427 1348 non
441 1292 607 1366 tangentur
618 1284 714 1367 pellis
727 1292 835 1347 nostro
851 1289 923 1348 tuis.

266 1371 380 1434 0souln
393 1392 464 1432 roro
479 1369 567 1433 debis
580 1372 671 1432 nobis
687 1377 721 1431 et
734 1389 797 1431 non
815 1370 903 1433 debis
917 1369 1015 1444 ultro;

232 1518 234 1521 .
306 1458 371 1518 Nec
386 1457 473 1537 qussi
486 1462 581 1536 nuptu
596 1454 700 1535 dublo,
722 1453 781 1517 sed
795 1459 883 1535 quusi
897 1463 993 1517 muter
1007 1473 1079 1513 snus.

225 1552 256 1605 15
265 1542 297 1603 Si
314 1548 404 1622 potes
419 1542 479 1602 iste
491 1542 572 1622 poti,
595 1542 623 1601 ri
637 1540 684 1601 nil
695 1541 842 1623 perferre
856 1548 995 1619 recusos,

306 1626 446 1687 Invenies
462 1627 563 1706 quite
578 1624 711 1705 ducere,
733 1624 815 1705 Silo,
837 1624 948 1687 velit.“

654 1762 765 1827 XXIV.

263 1862 342 1921 llum
357 1868 389 1928 te
403 1880 577 1942 prosequor
595 1866 628 1921 et
643 1861 764 1921 domurn
780 1859 914 1939 reduco,

263 1948 380 2007 Aurem
395 1944 468 2007 dum
481 1946 539 2007 tibi
553 1953 680 2027 praesto
695 1947 862 2025 garrienti,
929 2008 934 2014 ,

265 2117 347 2193 Quot
361 2136 468 2177 versus
483 2121 646 2198 poterant,
667 2115 816 2195 Labulle,
836 2115 945 2176 noscit

242 2201 335 2261 5Hoc
351 2199 493 2262 domnum
508 2203 566 2262 tibi
580 2221 643 2261 non
657 2200 781 2263 videtur
795 2220 882 2277 esse,

265 2285 299 2346 Si
314 2285 396 2365 qnod
411 2288 508 2347 Romo
523 2285 619 2365 legit,
641 2287 776 2367 requirit
789 2288 922 2366 hospes,

264 2370 333 2431 Non
349 2369 473 2433 deridet
488 2390 602 2452 eques,
621 2377 712 2431 tenet
723 2378 867 2448 senator,

264 2454 385 2516 Laudat
399 2456 588 2535 causidicus,
610 2465 704 2537 poete
718 2457 834 2536 carpit,

263 2542 399 2623 Propter
414 2548 447 2601 te
461 2542 568 2622 perit?
589 2542 650 2601 lroc
661 2538 812 2619 Labulle,
830 2558 938 2601 verum
952 2538 1021 2599 esti

223 2626 330 2689 10Hoc
347 2627 506 2705 quisqnom
522 2626 620 2704 ferat,
639 2631 674 2687 ut
690 2626 748 2686 tibi
761 2632 885 2686 tuorum

265 2712 313 2771 Sit
327 2712 425 2771 maior
440 2730 586 2772 numerus
601 2710 826 2790 togatulorum,

264 2797 429 2856 Librorum
444 2797 519 2856 mihi
537 2798 579 2855 rit
593 2796 694 2856 minor
709 2794 869 2856 meorum?

267 2881 412 2960 Triginta
426 2900 526 2962 prope
541 2881 601 2942 ium
618 2879 729 2942 diebus
743 2900 802 2939 uno
817 2886 867 2939 est

265 2965 361 3026 Nobis
380 2966 492 3046 pagine
503 2966 553 3026 vix
567 2969 703 3047 peracto.
736 2965 787 3025 Sic
802 2964 853 3041 fit,

109 3074 112 3081 ·
224 3051 342 3115 locum
359 3068 472 3111 cennre
488 3048 571 3111 domi
586 3055 681 3131 poeto
692 3068 754 3109 non
768 3046 842 3109 volt.

263 2032 305 2092 Et
319 2030 470 2113 quidquid
484 2032 623 2110 loqueris
637 2031 777 2111 locisque
791 2030 902 2109 londo,

1190 3205 1192 3242 l

606 3228 607 3231 ,
660 3163 756 3226 XXV.

266 3266 324 3328 llls
337 3264 421 3327 solox
436 3268 580 3344 nimium,
602 3284 662 3325 nec
676 3265 782 3345 paneis
800 3267 874 3323 noto
886 3260 999 3343 puellis

309 3352 400 3412 Store
415 3351 493 3412 Lino
510 3351 594 3413 desit
607 3347 753 3410 mentula.
782 3348 900 3426 Lingos
908 3368 920 3425 ,·
938 3362 1019 3406 core.

240 3423 258 3479 l
652 3468 762 3530 xxvi.

256 3570 293 3630 '0
307 3569 383 3629 milri
399 3575 485 3648 grato
500 3570 605 3647 quies,
630 3566 792 3645 oblondo,
815 3563 1029 3645 Telesphore,
1050 3579 1127 3634 corr,

308 3651 416 3729 Qualis
432 3653 465 3711 in
481 3652 624 3731 amplexu
637 3671 700 3757 non
715 3652 775 3711 fuit
790 3657 862 3712 onte
878 3668 964 3711 meo:
1015 3646 1017 3653 '
1190 3693 1192 3758 ,
