2442 4209
169 300 229 365 154
488 296 533 361 M.
552 298 644 361 VAL.
661 297 885 359 MARTlALlS

249 453 461 530 nituerunt,
482 455 517 511 ut
533 456 568 511 tu
581 448 760 529 loquereris
776 458 809 512 et
824 450 883 512 ille
896 457 1028 512 taceret:

293 534 445 597 Offendor
459 536 551 595 cunni
566 534 747 613 garrulitate
762 536 818 598 tui.

248 620 373 681 Pedere
388 627 420 691 te
435 617 564 679 vellem:
585 638 717 699 namque
730 620 791 680 huc
805 638 863 680 nec
876 618 988 680 inutile
1001 618 1073 680 mett

211 718 244 769 10
258 732 263 741 ·
294 705 491 783 Symmachus
499 710 539 779 ,et
554 705 650 766 risum
664 722 716 777 res
734 710 839 763 movet
852 705 913 763 ista
926 703 1029 765 semel.

251 790 326 865 Quis
337 787 446 865 ridere
460 795 566 867 potest
579 788 656 847 fatui
669 794 871 868 poppysmata
885 789 998 848 cunni?

237 869 243 880 “
293 874 370 934 (lum
382 878 472 933 sonat
488 872 554 949 hic,
575 873 624 931 eui
641 891 702 931 nou
717 870 853 932 mentula
867 881 1014 952 mensque
1030 868 1120 931 catlit‘l

248 958 306 1018 llic
322 954 439 1035 aliquid
454 954 562 1015 saltem
577 953 773 1035 clamosoque
787 958 935 1035 obstrepe
950 974 1062 1032 cunno,

241 1100 245 1107 ,
291 1040 335 1101 Ilt
347 1042 373 1101 si
388 1038 465 1100 adeo
481 1046 564 1100 muta
578 1058 629 1118 es,
651 1038 737 1100 ‹liacc
753 1040 802 1100 rel
815 1040 889 1103 iatle
904 1039 1000 1120 loqui.

648 1174 730 1235 XIX.

248 1289 468 1367 Fragmentum
482 1286 566 1367 qnod
579 1285 643 1347 vile
657 1294 747 1366 putas
761 1295 795 1347 et
808 1284 920 1347 inutile
933 1284 1064 1365 lignum,

291 1373 377 1432 llaec
391 1371 451 1431 tuit
465 1372 564 1449 ignoti
577 1372 678 1451 prima
691 1372 795 1430 carina
808 1372 919 1449 maris,

253 1457 348 1532 Quam
363 1474 421 1515 uec
436 1456 578 1533 Cyaneae
594 1453 747 1533 quondam
762 1461 895 1534 potuere
909 1457 1017 1515 ruinae

289 1539 450 1619 Frangere
464 1558 523 1599 nec
539 1539 677 1619 Scythici
694 1540 816 1600 tristior
829 1541 877 1599 ira
891 1539 977 1599 freti.

228 1620 382 1687 osaecula
396 1624 555 1684 vicerunt:
577 1622 635 1685 sed
649 1626 784 1701 quamvis
799 1625 932 1685 cesserit
946 1620 1048 1702 annis,

296 1708 443 1768 Sanctior
458 1715 508 1768 est
521 1706 605 1769 salva
618 1727 713 1788 parva
725 1706 842 1768 tabella
856 1715 933 1768 rate.

651 1843 718 1903 XX.

248 1953 335 2016 Nihil
350 1960 399 2015 est
414 1956 556 2014 miserius
571 1973 675 2034 neque
689 1954 826 2033 gulosius
841 1954 961 2017 Santra.
1087 1969 1089 1971 ·
1189 1983 1191 2010 t

248 2039 377 2099 Rectam
391 2044 515 2098 vocatus
532 2058 599 2099 cum
616 2040 753 2100 cucurrit
768 2038 808 2099 ad
822 2057 945 2117 cenam,
1189 2037 1191 2046 '

203 2139 208 2147 ’
251 2124 346 2199 Quam
359 2128 408 2182 tot
422 2119 531 2183 (liebus
545 2125 750 2203 noctibusque
765 2125 913 2204 captavit,

252 2207 318 2266 Ter
331 2208 433 2287 poscit
447 2209 514 2288 apri
528 2206 706 2286 glandulas,
730 2215 839 2287 quater
852 2206 1007 2284 lumbum,

229 2290 294 2353 alit
306 2297 468 2370 utramque
481 2310 588 2352 coxam
600 2291 719 2372 leporis
735 2288 767 2352 ct
783 2292 992 2370 duosarmor,

250 2374 316 2435 Nec
330 2376 488 2436 erubescit
501 2378 646 2456 peierare
662 2376 702 2436 ‹lc
718 2376 811 2437 turdo

249 2459 292 2519 nt
306 2466 480 2520 ostreorum
494 2478 606 2541 rapere
620 2460 734 2521 lividos
749 2464 856 2522 cirros.

249 2542 356 2603 Dulcis
368 2542 512 2624 placenta
528 2544 686 2606 sordidam
700 2545 772 2605 linit
786 2564 935 2626 mappam.

248 2626 316 2687 lllic
330 2634 364 2687 et
377 2648 453 2688 uvae
468 2628 659 2691 collocantur
674 2628 804 2710 ollares,

102 2750 106 2757 ·
207 2712 288 2775 toEt
300 2712 486 2773 Punicorum
500 2733 597 2793 pauca
610 2734 705 2793 grana
719 2713 884 2793 malorum,

249 2797 291 2856 Et
300 2804 466 2857 ¹‹mrcavatae
481 2798 573 2878 pellis
588 2798 739 2859 indecens
753 2800 878 2876 volvae,

251 2880 294 2941 Et
307 2879 392 2962 lippa
405 2882 481 2942 ficus
499 2881 672 2963 debilisque
688 2883 821 2945 boletus.

250 2963 314 3024 Sed
329 2985 438 3045 mappa
452 2987 520 3027 cum
535 2968 593 3026 iam
609 2966 696 3028 mille
710 2971 864 3050 rumpitur
876 2967 988 3045 furtis„

248 3047 347 3109 Rosos
361 3052 483 3130 tepenti
498 3050 668 3131 spondylos
683 3055 752 3114 sinu
768 3050 874 3114 condit
988 3128 991 3131 ἢ

207 3133 289 3195 lant
304 3131 451 3193 devorato
464 3138 565 3216 capite
580 3144 735 3198 turturem
749 3145 901 3215 truncum.
992 3170 996 3175 ·

249 3214 409 3295 colligere
423 3216 516 3298 longo
531 3229 623 3301 turpe
638 3226 800 3302 neeputat
814 3220 924 3280 (lextra

247 3300 397 3362 Analecta
412 3302 564 3383 quidquid
577 3312 612 3366 et
624 3322 715 3366 canes
730 3304 934 3385 reliquerunt.
1043 3341 1048 3346 -

204 3407 218 3431 ·
248 3386 314 3446 Nec
330 3385 490 3448 esculenta
508 3390 625 3451 sufficit
639 3389 730 3469 gulae
745 3386 879 3470 praela,

246 3470 346 3530 Mixto
360 3469 500 3550 lagonam
514 3474 620 3556 replet
634 3474 674 3534 ad
686 3472 784 3555 pedes
800 3476 881 3537 vino.

203 3553 332 3617 iollaec
346 3574 405 3637 per
419 3554 567 3633 ducentas
580 3578 648 3618 cum
663 3557 785 3635 domum
798 3556 873 3617 tulit
887 3553 984 3617 scalas
