2442 4209
168 350 230 416 rau
490 302 887 456 navans'naunans

656 553 722 615 XX

253 674 364 735 Mutua
376 679 409 733 te
426 677 550 732 eentum
564 672 729 746 eontentio,
751 670 897 748 Phoebe,
919 673 1044 751 rogavi,

294 758 372 818 Cum
386 757 463 816 mihi
477 754 608 815 diuisaea
623 756 743 833 „exigis
758 772 833 833 ergo
848 753 974 815 ιιίΙιὶ1·ἒιι

251 843 404 921 Inquiria,
427 839 566 916 dubitas,
589 839 745 899 cunctaris
759 856 872 918 meque
887 838 1000 900 (liebus

295 925 405 1004 Teque
421 923 529 983 decern
545 924 680 983 crucias:
700 924 761 981 iam
776 941 871 1002 rogo,
889 922 1038 1003 Phoebe,
1062 944 1137 1003 nega

647 1056 728 1116 XXI.

254 1172 443 1253 Perpetuam
458 1168 577 1230 Stellae
593 1169 665 1230 (lum
679 1172 780 1249 iungit
793 1168 934 1231 Ianthida
948 1173 1012 1232 vati
1198 1205 1200 1270 ᾗ

293 1255 391 1315 Laeta
404 1255 527 1331 Venus,
549 1252 628 1313 dixit
642 1252 738 1330 „I'lua
754 1254 830 1315 dare
846 1275 909 1315 non
922 1255 1048 1335 potui.“
1198 1273 1200 1347 j

251 1341 337 1401 llaec
356 1358 459 1400 coram
475 1337 616 1411 domina;
626 1336 693 1397 aed
709 1340 843 1418 neqqua
855 1336 935 1399 illud
947 1341 981 1399 iu
996 1358 1088 1402 aure:
1198 1355 1200 1388 ι

293 1424 367 1502 „Tu
383 1442 423 1483 ne
439 1420 515 1501 quid
528 1440 653 1502 peccea,
668 1424 811 1500 exitione,
824 1424 905 1485 vide.

231 1508 355 1587 ssaepe
371 1525 428 1586 ego
442 1505 589 1567 lascivom
602 1505 738 1567 Martem
751 1505 919 1568 furibunda
933 1506 1055 1587 cecidi,

292 1592 461 1670 Legitimos
478 1598 563 1651 esset
577 1610 647 1651 cum
660 1609 752 1668 vagus
766 1599 838 1652 ante
853 1599 948 1652 toroa.

252 1675 316 1736 Secl
330 1681 491 1756 postquam
506 1681 672 1751 menaeat,
692 1673 777 1734 nulla
793 1694 842 1735 me
856 1674 970 1757 pellice
984 1674 1093 1737 laesit:
1198 1716 1200 1756 ;

295 1760 373 1821 'Iam
388 1759 471 1838 frugi
486 1760 560 1819 luno
573 1756 673 1819 vellet
685 1757 804 1819 habere
818 1760 954 1823 lovem.“

251 1844 354 1922 Dixit,
376 1849 410 1904 et
424 1863 535 1904 arcano
549 1844 706 1924 percussit
719 1851 849 1923 pectora
860 1844 939 1905 loro.
1042 1897 1052 1907 .

212 1939 247 1991 10
293 1927 389 2007 Plaga
405 1930 502 1987 iuvat:
522 1926 578 1988 sed
594 1934 630 1987 tu
645 1928 722 2005 iam,
746 1926 822 2008 dea,
843 1947 938 2011 parce
954 1935 1021 1989 tuo.
1053 1978 1055 1980 .

642 2064 736 2125 XXII.
845 2108 850 2117 ,

253 2174 344 2250 Quod
358 2176 464 2254 nubis,
486 2176 667 2254 Proculina‚
687 2178 875 2255 concubIno‚

162 2260 165 2267 '
251 2259 294 2321 Et
308 2261 468 2320 moechum
484 2260 594 2339 modo,
615 2280 697 2321 nunc
710 2261 788 2321 facia
802 2263 964 2338 multum,

252 2341 300 2403 Ne
313 2341 366 2403 lex
379 2343 455 2404 Iulia
469 2350 501 2405 te
517 2352 627 2405 notare
640 2347 755 2425 poeait:

253 2425 322 2487 Non
336 2430 442 2506 nubis,
463 2427 646 2508 Proculina,
667 2427 725 2488 aed
742 2429 862 2490 lateris.

640 2564 747 2625 XXIII.

253 2679 345 2740 Stare
359 2681 448 2741 iubes
462 2688 602 2741 nostrum
615 2668 740 2760 aenrper
755 2681 828 2758 tibi,
851 2680 982 2758 Lesbia,
1003 2700 1136 2761 penem:

296 2762 400 2824 (laede
412 2766 503 2843 mihi,
523 2785 585 2826 non
600 2771 649 2826 eat
664 2763 818 2841 mentula,
838 2762 923 2843 quod
936 2762 1067 2843 digitur.

257 2846 308 2908 'l'u
321 2845 399 2909 licet
415 2856 448 2909 et
460 2850 599 2909 manibus
614 2847 737 2910 blandis
751 2856 785 2909 et
800 2849 927 2908 vocibus
940 2850 1060 2929 lnatea,

296 2932 345 2992 Te
360 2940 468 2993 contra
481 2934 578 2994 facies
591 2936 760 3014 imperioso
776 2940 829 2993 tua
843 2938 901 2992 eat.

637 3067 748 3133 XXIV.

253 3176 307 3240 NiI
319 3176 462 3241 laucivius
477 3188 525 3240 est
540 3181 739 3241 Charisiano:
761 3202 766 3209 ·

256 3261 468 3325 Saturnalibus
483 3264 617 3325 ambulat
630 3271 762 3342 togatus.

638 3398 736 3463 XXV.

255 3508 459 3587 Marcelline,
480 3512 554 3571 boni
568 3511 693 3573 suboles
708 3512 831 3573 aiucera
844 3515 1000 3594 parentia,

297 3594 434 3655 Horrida
449 3594 614 3687 Parrhasio
630 3615 722 3676 quem
739 3603 828 3661 tenet
841 3617 914 3659 urae
926 3600 1014 3677 iugo,
