2442 4209
477 373 519 435 M.
537 373 628 436 VAL.
644 366 871 435 Maenianis

654 574 705 634 Xl.

237 691 314 750 Cum
329 688 401 749 data
414 690 477 749 sint
491 689 588 768 equiti
604 689 651 747 bis
666 689 759 767 quina
773 689 970 769 nomismata,
993 709 1087 770 qnare

278 775 331 834 Bis
346 772 473 835 deciens
488 774 588 851 solus,
610 771 798 850 Sextilium,
816 773 920 833 bibis?

236 860 296 919 lam
315 857 484 920 defecisset
499 865 660 939 portantes
675 855 762 916 calda
776 858 951 936 ministros,

278 943 310 1002 Si
325 961 386 1003 nan
401 950 543 1022 potares,
566 941 752 1020 Sextiliane,
775 961 902 1002 mcrnm.

641 1090 706 1154 xli.

131 1265 138 1276 ,
237 1208 302 1267 itur
318 1207 356 1266 ad
371 1204 543 1267 Herculeas
559 1202 656 1283 gelidi
673 1223 732 1283 qna
748 1204 875 1264 Tiburis
891 1223 979 1264 arces

282 1291 427 1371 Canaque
442 1287 622 1370 sulphureis
638 1287 752 1348 Albula
764 1289 863 1348 fumat
876 1290 980 1368 aquis,

235 1377 318 1435 itura
332 1393 502 1454 nemusque
517 1393 638 1434 sacrum
653 1371 830 1452 dilectaque
844 1374 952 1451 iugera
966 1374 1067 1433 Musis

278 1461 386 1538 Signat
398 1461 498 1520 vicina
513 1465 640 1538 quartus
657 1459 693 1516 ab
708 1459 786 1517 urbe
800 1456 887 1537 lapis.

212 1545 294 1606 eHic
309 1543 394 1604 rudis
410 1544 540 1603 aestivas
554 1544 733 1623 praestabat
746 1543 885 1621 porticus
901 1543 1042 1620 umbras,

276 1629 345 1688 Heu
361 1648 450 1707 quam
465 1645 564 1707 paene
578 1646 689 1686 norum
703 1627 842 1706 porticus
857 1646 929 1686 ansa
944 1627 1048 1686 nefas!

234 1712 311 1772 Nam
325 1713 426 1772 subito
442 1710 574 1792 collapsa
589 1713 668 1788 ruit,
689 1730 758 1770 cunr
774 1709 856 1770 male
870 1713 927 1770 snb
941 1710 994 1772 illa

277 1799 424 1858 Gestatus
439 1797 551 1874 biiugis
565 1793 702 1874 Regulus
717 1802 803 1855 esset
817 1797 916 1874 equis.

234 1883 383 1942 Nimirum
399 1882 502 1942 timuit
515 1886 637 1940 nostras
651 1880 793 1940 Fortuna
805 1878 978 1958 querellas,

195 1979 228 2028 10
276 1969 361 2045 Quae
379 1985 435 2045 par
450 1973 512 2025 tam
527 1983 654 2044 magnae
668 1983 731 2023 nan
745 1971 814 2025 erat
827 1963 985 2026 invidiae.⁴

234 2051 321 2110 Nunc
336 2057 368 2110 et
384 2049 493 2109 damna
505 2050 626 2123 iuvant3
649 2055 721 2108 sunt
735 2050 801 2129 ipra
816 2048 957 2129 pericula
970 2052 1067 2110 tanti:

278 2135 396 2195 Stantia
410 2153 473 2194 non
488 2139 634 2214 poterant
647 2139 731 2192 tecta
745 2135 880 2213 probare
896 2133 981 2193 deos.

633 2267 712 2327 Xill.

236 2381 329 2442 Casta
344 2400 398 2440 suo
415 2378 549 2458 gladium
563 2398 633 2438 cum
645 2376 789 2439 traderet
802 2379 895 2438 Arria
909 2380 1024 2456 Paete,

276 2465 373 2541 Quem
391 2464 430 2524 de
444 2464 616 2524 visceribus
630 2464 798 2522 strinxerat
811 2464 878 2543 ipsa
892 2465 972 2545 suis,

234 2549 291 2628 „Si
307 2570 367 2630 qua
379 2549 475 2628 fides,
491 2546 601 2607 vulnus
619 2546 702 2627 qnod
714 2548 777 2608 ieci
793 2567 856 2607 non
871 2546 997 2629 dolet,“
1017 2550 1135 2628 inquit;

276 2633 362 2714 „Sed
378 2633 460 2714 quod
475 2641 507 2694 tn
522 2633 638 2711 facies,
657 2632 718 2693 hoc
735 2633 825 2710 mihi,
848 2632 963 2712 Paete,
981 2631 1102 2694 delet.“
1197 2686 1198 2691 ,

629 2766 711 2828 XIV.

233 2880 386 2962 Delicias,
409 2883 539 2960 Caesar,
562 2882 712 2961 lususque
725 2882 873 2960 iocosque
887 2879 1012 2941 leonum

276 2967 433 3046 Vidimus,
456 2968 515 3027 hoc
530 2969 623 3027 etiam
637 2972 776 3046 praestat
790 2966 907 3025 harena
919 2967 995 3043 tibi,

233 3053 311 3113 cum
324 3071 457 3133 prensus
471 3050 584 3111 blando
600 3052 717 3110 totiens
732 3071 750 3109 a
766 3048 860 3110 dente
876 3048 998 3109 rediret

275 3138 316 3197 Et
332 3155 390 3217 per
405 3143 513 3216 aperta
526 3155 619 3214 vagus
634 3142 778 3196 curreret
793 3154 847 3194 ora
860 3132 961 3215 lepus.

210 3221 325 3284 tUnde
339 3227 445 3302 potest
459 3219 562 3280 avidus
580 3225 688 3300 captae
702 3218 754 3280 leo
772 3238 903 3299 parcere
916 3216 1078 3299 praedae?

276 3306 340 3366 Sed
353 3311 456 3366 tamen
471 3323 540 3365 esse
555 3311 626 3390 tuus
641 3302 770 3363 dicitur:
791 3322 866 3383 ergo
881 3309 994 3384 potest.

634 3439 704 3502 XV.

233 3557 260 3617 0
275 3559 351 3617 mihi
362 3563 434 3638 post
447 3555 571 3635 nullas,
592 3555 668 3635 Iuli,
690 3553 889 3615 memorande
904 3551 1042 3627 sodales,

276 3641 309 3702 si
326 3641 400 3721 quid
412 3641 506 3719 longa
518 3642 598 3701 fides
613 3653 749 3720 canaque
763 3641 832 3699 iura
845 3638 964 3725 valent,
