2442 4209
303 349 730 414 EPIGRAMMATONLIB.
745 352 784 416 11.
1025 352 1075 421 41

115 503 188 569 Erae
201 505 261 566 tibi
275 509 362 565 tanta
376 511 480 568 cautus
493 506 646 568 brevitate
662 504 801 566 videriri

152 588 212 651 Hei
226 589 324 668 mihi,
348 608 436 668 quam
451 589 556 651 multia
571 591 617 650 eie
632 609 755 671 queque
768 587 881 670 longua
895 590 977 652 eriai

524 725 560 786 11.

115 833 202 895 crete
217 833 305 898 dedii
321 856 477 918 magnum,
499 839 595 899 maius
611 834 700 898 dedit
713 836 820 898 Africa
831 854 966 916 nomen,

152 917 255 1001 Scipio
272 918 356 999 qued
369 922 467 984 victor
482 922 627 1003 quodque
640 920 791 983 Metellus
803 919 914 998 habet;

113 1001 248 1064 Nobilius
263 1004 381 1067 domito
395 1007 505 1069 tribuit
519 1007 685 1068 Germania
697 1005 824 1083 Rheno,

147 1085 188 1148 Ει
200 1107 283 1170 puer
297 1090 357 1151 hec
373 1089 482 1170 dignu·
495 1092 638 1170 nemine,
660 1090 793 1168 Caesar,
814 1106 893 1152 erar.

95 1169 220 1232 5Frater
232 1172 396 1235 Idumaeos
410 1177 524 1236 meruit
539 1195 608 1237 cum
623 1179 713 1256 patre
727 1173 921 1253 triumphos,
998 1190 1001 1196 ’

149 1255 232 1334 Quae
248 1257 341 1319 datur
356 1276 393 1320 ex
408 1259 529 1322 chatti·
543 1257 669 1337 laurea,
690 1263 756 1319 tota
769 1263 823 1318 tua
837 1263 895 1317 ert.

392 1393 575 1463 .111.

112 1501 218 1584 Sexte,
240 1505 322 1568 nihil
336 1503 448 1588 debes,
470 1507 516 1569 nil
530 1507 643 1586 debes,
665 1505 776 1584 Sexte,
797 1504 942 1567 fatemur.

146 1587 249 1650 Debet
265 1592 365 1671 enim,
387 1594 412 1653 ri
431 1594 499 1674 quis
514 1591 653 1670 solvere,
675 1589 785 1668 Sexte,
805 1593 919 1672 potest.

516 1727 567 1790 IV.

112 1831 135 1893 0
149 1853 238 1914 quam
252 1835 385 1900 blandus
397 1855 449 1916 ea,
472 1838 648 1913 Ammiane‚
668 1835 777 1896 matri!

111 1917 202 1994 Quam
216 1917 335 1983 blanda
349 1928 399 1982 ert
412 1922 470 1983 tibi
483 1927 599 2000 mater,
622 1920 797 1981 Ammiano·

108 1999 249 2065 Fratrem
262 2011 295 2065 te
309 2012 398 2067 vocat
411 2012 444 2066 et
459 2025 548 2066 soror
562 2011 698 2066 vocatur.

111 2085 168 2147 (iar
180 2107 237 2150 vor
251 2091 376 2150 nomina
390 2091 541 2170 nequiora
554 2087 707 2168 tangenti

93 2170 209 2246 eQuare
223 2192 290 2235 nen
302 2174 386 2234 iuvat
399 2174 459 2234 hoc
474 2171 557 2253 quod
571 2175 646 2233 estis
661 2171 753 2232 esre?

87 2297 88 2302 η
108 2253 217 2318 Larum
232 2256 365 2319 creditis
378 2259 439 2322 hoe
453 2256 640 2338 iocumque?
664 2256 733 2316 Non
747 2262 811 2315 ert:

109 2338 259 2420 Matrem,
284 2360 362 2420 quae
376 2343 461 2423 capit
475 2360 545 2402 erae
560 2357 764 2418 reserarem,

108 2423 168 2484 Nec
182 2431 316 2486 matrem
329 2428 412 2487 iuvat
424 2444 494 2486 ease
508 2444 567 2486 nee
581 2442 730 2485 sororem.

529 2560 567 2622 V.

108 2669 151 2732 Ne
165 2669 304 2752 valeam,
327 2673 354 2734 ai
368 2692 431 2734 non
445 2673 536 2751 tatia,
557 2673 709 2748 Decime,
731 2669 840 2731 diebus

19 2795 20 2814 ι
145 2755 188 2817 Et
201 2761 308 2817 tecum
321 2759 397 2818 tetis
412 2757 554 2817 noctibus
566 2775 636 2816 esse
647 2755 747 2817 velim.

111 2831 173 2899 Seri
185 2838 249 2900 dire
263 2847 335 2902 runt
350 2859 428 2921 quae
443 2860 499 2900 ιιοι
514 2838 692 2919 disiungunt
707 2836 791 2899 milia
802 2825 941 2917 parrum:
1027 2907 1038 2915 ‚

148 2923 305 3002 Quattuor
318 2925 396 2986 haee
407 2926 499 3004 fiunt,
523 2944 590 2985 eum
607 2923 765 2985 rediturus
778 2940 854 2982 eam.

93 3004 213 3088 isaepe
226 3006 446 3088 dominarer,
465 3029 535 3070 cam
545 3010 587 3070 aia
600 3027 740 3088 quoque,
759 3023 852 3086 saepe
863 3005 1009 3085 negaris:

146 3089 211 3154 Vel
227 3098 347 3154 tantum
363 3095 463 3155 causi·
480 3091 530 3153 vel
547 3095 606 3154 tibi
624 3111 717 3173 saepe
736 3109 834 3153 vacas.

110 3173 155 3236 Te
170 3183 276 3238 tamen
294 3182 328 3238 ιιι
345 3177 465 3238 videam
483 3176 543 3238 due
562 3176 647 3237 milia
661 3195 724 3236 nen
741 3175 828 3254 piget
843 3175 908 3253 ire,

147 3260 191 3322 Ut
209 3266 242 3324 te
264 3280 327 3321 nen
344 3260 464 3324 videam
483 3267 628 3341 quattuor
645 3261 692 3321 ire
708 3261 804 3341 piget.

522 3395 573 3457 vl.

107 3502 121 3562 1
135 3523 233 3586 nune,
256 3505 355 3567 edere
372 3525 422 3568 me
439 3508 511 3567 iube
527 3506 653 3568 libellos

110 3585 214 3651 Lectis
230 3591 283 3652 vix
299 3592 358 3653 ilbi
374 3593 494 3673 paginis
513 3591 630 3654 duabus
