2442 4209
165 361 231 425 290
485 362 529 424 Μ.
547 362 641 426 VAL.
658 362 886 424 Maenianis

210 514 393 593 leuamvis
405 532 468 574 non
483 513 604 574 modico
621 514 743 576 caleant
757 515 933 596 spectacula
948 515 1027 596 sole,

293 597 374 661 Vela
387 596 595 675 reducuntur,
618 617 687 659 cum
699 601 785 660 venit
797 600 1019 681 Hermogenes.

248 683 413 751 Festinant
428 681 544 762 trepidi
560 684 773 761 substringere
789 685 915 743 carbasa
927 693 1049 762 nautae,

293 764 343 827 Ad
357 772 480 846 portum
496 767 640 845 quotiens
654 768 757 845 paruit
771 768 995 845 Hermogenes.

250 850 389 928 Linigeri
403 851 526 929 fugiunt
540 849 617 909 calvi
631 851 816 930 sistrataque
831 851 939 927 turba,

207 944 243 996 to
291 934 375 994 inter
389 934 554 995 adorantes
568 952 638 993 cum
651 936 741 995 stetit
754 936 978 1013 Hermogenes.

249 1016 299 1077 Ad
314 1036 421 1079 cenam
435 1018 649 1097 Hermogenes
664 1038 801 1100 mappam
818 1038 881 1078 uon
899 1016 1004 1080 attulit
1016 1036 1145 1097 unquam,

293 1103 325 1161 d
335 1120 412 1162 cena
426 1120 549 1182 semper
562 1099 689 1161 rettulit
700 1103 925 1182 Hermogenes.

503 1284 513 1301 ·
642 1264 736 1325 XXX.

252 1381 376 1458 Siccus,
397 1382 517 1442 sobrius
534 1387 582 1441 est
596 1382 699 1460 Aper3
723 1381 796 1461 qnid
812 1380 850 1441 ad
865 1383 938 1442 me?

197 1472 201 1477 ’
251 1464 380 1525 Servum
392 1466 436 1525 sic
451 1482 508 1543 ego
524 1463 634 1541 laudo,
657 1484 717 1524 nou
734 1468 870 1527 amicum.

630 1610 739 1677 XXXl.

251 1724 320 1783 Hoc
334 1742 458 1804 nemus,
477 1724 512 1783 hi
526 1725 647 1804 fontes,
669 1726 746 1785 baec
761 1721 879 1785 textilis
894 1727 1000 1785 umbra
1014 1727 1109 1806 supini
1196 1749 1197 1803 ι

292 1806 449 1886 Palmitis,
472 1809 531 1868 hoc
544 1809 651 1888 riguae
667 1807 785 1888 ductile
799 1810 914 1869 flumen
929 1826 1039 1888 aquae,
1196 1804 1197 1823 ³

249 1892 405 1972 Prataque
419 1910 478 1953 nec
493 1892 594 1953 bifero
610 1912 735 1953 cessura
748 1894 866 1954 rosaria
879 1891 992 1953 Paesto

293 1974 444 2056 Quodque
458 1977 539 2036 viret
554 1976 619 2037 lani
633 1991 756 2056 mense,
779 1996 838 2037 nee
852 1975 939 2055 alget
952 1976 1036 2053 olus;

229 2059 402 2139 5Qnaequc
419 2067 505 2119 natat
518 2059 613 2121 clusis
628 2060 763 2140 anguilla
777 2060 946 2122 domestica
960 2060 1103 2143 lymphis,
1198 2091 1199 2169 p

292 2144 440 2224 Quaeque
456 2144 539 2223 gerit
554 2143 672 2205 similes
687 2143 816 2205 candida
832 2146 928 2205 turris
944 2164 1028 2207 aves:

249 2227 381 2287 Munera
396 2235 467 2289 suut
481 2227 635 2301 dominae:
657 2236 729 2309 post
743 2230 873 2310 septima
884 2227 983 2290 lustra
996 2247 1116 2293 reverso

292 2312 358 2371 llos
374 2310 528 2373 Marcella
541 2312 624 2373 lares
638 2332 793 2393 parvaque
809 2332 906 2392 regna
920 2312 1014 2374 dedit.

251 2395 284 2456 Si
301 2397 376 2456 milii
390 2396 539 2457 Nausicaa
552 2398 670 2477 patrios
685 2397 875 2471 concederet
890 2398 1014 2476 hortos,

209 2490 244 2543 lo
294 2478 425 2541 Alcinoo
441 2498 564 2561 possem
579 2480 687 2542 dicere
702 2480 810 2558 „Malo
823 2482 941 2543 meoa.“

628 2644 751 2709 XXXII.

249 2759 276 2819 0
289 2757 434 2826 luliarum
449 2756 584 2818 dedecus
597 2756 819 2833 Kalendarum,

249 2841 341 2921 Vidi,
362 2842 516 2920 Vacerra,
537 2842 673 2902 sarcinas
688 2848 772 2917 tuas,
793 2839 875 2913 vidi;

251 2927 332 3003 Quas
346 2945 408 2985 non
423 2932 563 2988 retentas
576 2927 727 3007 pensione
743 2945 800 3005 pro
816 2926 897 2985 bima

162 3077 166 3084 ‚
249 3012 400 3072 Portabat
412 3030 489 3071 uxor
503 3011 572 3071 ruia
586 3012 723 3070 crinibus
738 3015 857 3090 septem

138 3153 141 3159 .
228 3097 291 3159 alit
306 3116 372 3157 cum
392 3114 501 3155 sorore
516 3114 589 3155 caua
603 3100 703 3154 mater
718 3094 846 3172 ingenti.

248 3180 359 3241 Furias
372 3180 476 3261 putavi
490 3186 582 3239 nocte
595 3179 675 3238 Ditis
691 3196 835 3238 emersas.

249 3266 314 3326 llas
328 3272 363 3325 tu
376 3266 499 3346 priores
513 3264 632 3341 frigore
648 3263 774 3323 etfama
791 3264 889 3321 siccus

249 3351 367 3409 nonan
381 3350 503 3409 recenti
517 3346 652 3428 pallidus
666 3347 761 3425 magis
775 3346 854 3404 buxo

249 3435 315 3495 Irus
330 3441 453 3494 tuorum
469 3440 643 3513 temporum
657 3430 847 3509 sequebaris.

208 3532 242 3584 10
248 3518 386 3598 Mlgrarc
401 3515 512 3578 clivom
528 3515 676 3577 crederes
690 3514 857 3575 Aricinum.

249 3605 315 3665 lbat
328 3604 429 3682 tripes
444 3602 587 3678 grabatus
602 3607 636 3660 et
649 3600 737 3677 bipes
753 3612 874 3671 mensa,
