2442 4209
316 844 362 918 Μ.
393 844 779 920 vaticinamus

231 972 867 1115 ιιιιιιιιιιιιιιι

401 1188 591 1263 'LIBER
619 1202 669 1266 lv.

539 1386 562 1447 1.

109 1498 257 1560 Caesaris
268 1496 352 1559 olma
366 1499 433 1561 dica
450 1505 484 1561 et
497 1498 569 1561 luce
584 1501 735 1560 sacratior
748 1497 818 1579 ilia,

154 1582 287 1645 Conscia
299 1584 460 1645 Dictaeum
477 1603 536 1663 qua
549 1582 622 1645 tulit
634 1583 687 1643 ida
701 1582 818 1662 lovem,

107 1668 235 1746 Longa,
256 1685 388 1747 precor,
407 1667 560 1749 Pylioque
573 1669 646 1729 veni
658 1671 855 1731 numerosior
868 1690 943 1733 acro

154 1752 285 1832 Semper
300 1758 335 1813 et
347 1752 407 1813 hoc
420 1752 506 1815 voltu
518 1751 567 1814 vel
581 1751 712 1813 meliore
725 1754 801 1815 uite.

88 1837 174 1899 offic
190 1833 274 1897 colat
287 1835 407 1898 Albano
423 1836 588 1898 Tritonida
601 1835 715 1897 multus
730 1837 763 1896 iu
778 1856 851 1897 auro

152 1921 278 2001 Perque
293 1940 400 1982 manua
413 1928 514 1981 tanta·
528 1920 661 2002 plurima
675 1939 807 2001 quercus
821 1927 890 1996 eat;

108 2006 173 2066 Hic
188 2004 271 2066 colat
283 2006 406 2085 ingenti
420 2004 585 2066 redeuntia
600 2003 724 2066 caecula
735 2003 836 2066 lustro

152 2090 196 2151 lot
211 2108 289 2169 quae
303 2088 470 2150 Romulea·
485 2109 573 2151 aacra
588 2089 744 2150 Tarentos
758 2090 862 2151 habet.

108 2174 226 2253 Magna
241 2173 382 2254 quidem,
403 2174 533 2255 Superi,
554 2175 704 2255 petimus,
726 2172 782 2234 aed
798 2172 903 2235 debita
917 2176 1028 2237 terris:

71 2270 102 2320 lo
152 2258 216 2319 Pro
231 2264 318 2318 tanto
334 2277 412 2339 quae
427 2262 499 2319 sunt
513 2259 653 2341 improba
666 2264 737 2318 vota
751 2257 835 2318 deo?

534 2393 569 2454 11.

111 2504 283 2585 Spectabat
295 2504 387 2566 modo
405 2504 488 2567 aolus
502 2508 586 2566 inter
601 2524 707 2567 omnes
775 2514 778 2518 ’

109 2589 220 2667 Nigri·
235 2608 343 2650 munus
356 2590 505 2651 Horatius
521 2588 672 2669 lacernis,

110 2674 192 2736 Cum
206 2672 295 2755 plebs
311 2681 345 2735 et
356 2677 456 2736 minor
472 2674 548 2735 ordo
563 2677 773 2753 maximusque

110 2758 230 2819 Sancto
245 2778 313 2819 cum
328 2758 406 2839 duce
421 2758 569 2821 candidus
585 2759 721 2822 sederet.

110 2842 198 2903 Toto
212 2843 265 2905 nix
278 2842 394 2905 cecidit
406 2850 539 2926 repente
555 2843 657 2905 caelo:

109 2925 203 2989 Albia
216 2934 338 3021 spectat
351 2928 499 2990 Horatio·
510 2926 655 2991 lacernis.

528 3063 576 3124 ΙΙΙ.

110 3175 231 3255 Aspice
246 3194 336 3255 quam
351 3174 480 3237 densum
494 3177 656 3237 tacitarum
669 3175 769 3238 velim
783 3196 929 3257 aquarum

156 3259 281 3319 Defluat
295 3260 330 3319 in
344 3258 444 3321 voltur
460 3261 602 3322 caesaria
616 3262 712 3342 inque
726 3263 821 3325 aiuua.

111 3342 260 3423 indulget
271 3349 377 3405 tamen
390 3342 445 3405 ille
460 3346 540 3424 lovi,
561 3364 620 3406 uec
634 3347 753 3407 'vertice
770 3352 854 3408 moto

157 3428 328 3490 Concretas
340 3430 429 3511 pigro
444 3429 562 3508 frigore
577 3430 662 3490 ridet
676 3450 786 3512 aquea,

91 3510 209 3575 osidua
223 3512 422 3594 Hyperborei
437 3512 546 3575 solitus
558 3512 675 3576 laaaare
690 3516 808 3576 Bootae

157 3598 201 3658 Et
215 3597 345 3659 madidis
359 3596 493 3659 Helicen
507 3597 701 3660 dissimulare
717 3600 865 3743 comicffl
