2442 4209
296 326 639 431 urrunnunmnon
652 368 727 433 um.
742 371 794 434 1x.
1008 372 1073 437 ms

114 523 202 584 Nune
215 524 292 583 mibi
307 522 374 602 dio,
397 525 465 601 quis
479 522 557 600 erit,
579 524 630 583 eui
642 528 693 600 te,
716 520 891 606 Goloeisre,
913 524 1044 589 deorum

156 608 217 669 Sex
230 608 324 668 iubeo
340 608 468 687 cyathos
483 605 641 666 funderei
667 606 783 667 caesor
797 609 868 674 erit.

95 690 226 754 bSutilis
241 695 366 773 aptetur
381 688 508 751 deciens
522 709 594 750 rosa
609 691 762 768 crinibus,
784 697 819 753 ut
832 692 874 753 sit

155 777 215 853 Qui
227 776 333 857 posuit
347 794 453 835 sacrae
467 772 574 834 nobile
589 776 693 852 gentis
706 793 791 855 opus.

113 861 201 921 Nunc
214 861 264 921 bis
279 860 371 939 quina
385 860 461 919 mihi
476 857 515 918 du
528 859 630 935 basis,
648 858 705 917 liat
715 864 751 919 ut
764 857 843 920 illud

155 945 292 1023 Nomen,
314 944 352 1004 ab
369 942 504 1023 Odrysio
511 940 602 1020 -quod
617 941 694 1002 deus
710 944 787 1004 orbe
801 941 882 1005 tulit.

497 1050 604 1139 xc'iv.

113 1192 282 1257 Sardonioa
295 1193 446 1256 medioata
462 1193 550 1255 dedit
563 1194 639 1253 mibi
650 1191 763 1274 poeula
773 1195 879 1274 virga:

153 1279 198 1339 0s
212 1279 360 1339 hominis!
382 1277 515 1339 mulsum
527 1296 577 1338 me
591 1284 682 1357 roget
694 1278 912 1359 Hippocrates.

113 1363 191 1424 Tam
205 1362 348 1443 stupidus
363 1383 517 1443 nunquam
531 1368 655 1441 uentu,
675 1370 767 1442 puto,
789 1361 924 1444 Glauce,
945 1362 1050 1443 luisti,

105 1498 117 1523 „
153 1445 292 1509 Chaloea
306 1446 432 1508 donanti
448 1448 570 1527 chrysia
586 1446 639 1526 qui
654 1445 795 1508 dederas.

92 1532 210 1594 illulee
226 1530 339 1611 aliquis
352 1550 461 1592 munus
474 1552 533 1613 pro
547 1547 677 1591 munere
690 1532 793 1611 posoit
807 1531 933 1592 smsroi
959 1578 962 1582 J

151 1616 312 1696 Accipiet,
334 1615 390 1676 sed
405 1618 432 1676 si
445 1622 533 1696 potat
546 1616 580 1675 iu
595 1612 746 1676 elleboro.

500 1750 594 1815 XCV.

111 1862 246 1945 Alpinius
260 1870 334 1925 oute
347 1863 422 1943 luit,
444 1865 549 1945 eoepit
562 1884 644 1925 nnnc
658 1862 790 1945 Olphius
805 1879 891 1929 esse·

149 1946 289 2010 Uxorem
303 1954 465 2046 postquam
480 1947 567 2009 duxit
579 1950 803 2027 Atheusgorss.

486 2084 608 2149 XCVb.

109 2195 229 2256 Nomen
243 2196 462 2275 Athenagorae
477 2199 617 2275 quaeris,
638 2193 835 2270 Callistrato,
855 2190 985 2253 verumi

149 2279 185 2339 Si
200 2280 281 2357 seio,
305 2277 495 2359 dispeream,
511 2282 579 2359 quis
593 2282 635 2340 sit
649 2280 872 2358 Athenagoras.
941 2295 944 2301 ·

74 2362 152 2425 ised
165 2368 243 2445 puta
256 2380 307 2424 rue
321 2380 443 2443 verum,
464 2362 659 2444 Callistrato,
681 2362 788 2424 dicere
801 2378 929 2422 nomen:

148 2450 220 2511 Non
233 2465 309 2527 ego,
331 2445 387 2508 sed
403 2455 509 2509 vester
522 2455 633 2530 peceat
647 2449 869 2526 Athensgorus.

493 2598 599 2662 xcm.
795 2565 816 2604 ³

110 2710 251 2775 clinicus
264 2714 409 2777 Herodes
423 2710 549 2775 trullam
564 2710 753 2789 subduxerat
765 2726 876 2789 eegr-o:

147 2797 330 2879 Deprensus
346 2797 424 2859 dixit
437 2793 577 2875 ‚,Stulte,
600 2793 676 2875 quid
690 2811 764 2873 ergo
777 2794 858 2853 bibis
865 2791 904 2852 ‘i“

490 2924 611 2993 Xchl.

107 3043 270 3127 Rumpitur
284 3042 400 3121 invidia
412 3045 551 3123 quidam,
574 3044 731 3104 carissime
745 3043 820 3120 lull,

147 3128 240 3205 Quod
253 3147 304 3190 me
319 3128 415 3189 Roma
427 3128 522 3209 legit,
543 3130 697 3209 rumpitur
710 3126 834 3188 invidia.

18 3260 19 3273 2
107 3212 271 3294 Rumpitur
285 3212 417 3291 invidia,
439 3212 523 3293 quod
535 3214 628 3274 turba
642 3229 766 3292 semper
778 3212 812 3272 iu
827 3212 910 3270 omni

147 3292 362 3359 Monstramur
377 3297 490 3376 digito,
512 3298 666 3377 rumpitur
679 3294 803 3359 luridis.

19 3396 20 3451 ζ
89 3380 274 3463 illumpitur
289 3381 419 3457 invidia,
440 3382 552 3441 tribuit
567 3380 650 3461 quod
664 3381 778 3441 (laesor
793 3386 928 3457 uterque

19 3476 20 3541 ζ
146 3464 196 3527 lus
210 3467 288 3527 mihi
303 3472 469 3545 natorum,‘
482 3467 636 3547 rumpitur
649 3464 772 3526 invidis.

19 3574 20 3585 ¹
106 3548 417 3632 Rumpituriuvidia‘‚
440 3548 523 3627 quod
538 3568 590 3609 rus
603 3548 680 3609 mihi
695 3547 785 3609 duloe
799 3549 855 3609 sub
870 3547 948 3608 urbe
966 3551 1014 3607 est

20 3646 21 3666 1
145 3635 307 3714 Parvaque
322 3636 354 3693 iu
370 3636 447 3696 urbe
464 3631 586 3713 domus,
608 3633 762 3713 rumpitur
774 3630 899 3693 invidia.
