2442 4209
186 394 230 460 68
508 393 552 456 Μ.
570 393 662 456 VAL.
679 391 906 454 MARTlALlS

249 549 347 629 eligit
361 549 523 610 Atestinus
540 566 647 608 causas
664 554 698 608 et
713 547 815 620 Giris3
835 539 1026 629 (utrumque

315 634 413 694 Norae
421 627 453 718 ς)
471 631 529 693 sed
542 631 649 693 neutri
661 632 772 712 pensio
785 636 853 692 tota
865 631 936 704 fnit.

271 717 329 798 „Si
342 716 423 777 nihil
436 718 509 776 hinc
524 717 646 793 veniet,
661 722 836 796 pangentur
850 716 986 776 carmina
1000 719 1105 778 nobis:

313 801 477 879 Audieris,
498 799 585 862 dices
601 817 672 859 esse
688 797 827 859 Maronis
842 799 953 879 opus‚“
1067 851 1074 855 .

270 887 405 948 lnsanis:
426 903 534 946 omnes
550 881 664 963 gelidis
679 884 854 963 quicunque
867 882 1005 945 lacernis

228 983 264 1035 10
312 971 392 1032 Sunt
402 971 464 1048 ibi,
483 968 622 1030 Nasones
636 967 855 1047 Vergiliosque
868 965 965 1029 rides.

269 1056 381 1135 „Atria
395 1073 502 1131 magna
516 1052 648 1115 colans.·“
678 1052 739 1114 vix
753 1058 819 1113 tres
841 1058 892 1112 aut
907 1058 1055 1130 quattuor
1069 1055 1127 1114 ista

312 1139 375 1199 Res
390 1137 483 1215 aluit,
504 1135 604 1219 pallet
619 1142 726 1196 cetera
742 1139 833 1198 turba
846 1137 937 1196 fame.

270 1221 375 1303 „Quid
388 1222 522 1283 faciam?
537 1220 648 1282 suade:
663 1240 735 1280 nam
749 1227 869 1286 eertum
883 1221 1047 1281 estvirere
1062 1221 1193 1286 Romae.“

313 1307 346 1368 Si
362 1307 461 1366 bonus
479 1325 531 1384 es,
552 1325 624 1366 casu
638 1306 760 1382 rivere,
784 1305 894 1382 Sexte,
912 1309 1013 1382 potes.

621 1453 759 1515 XXXlX.
849 1475 853 1483 ·

270 1565 364 1628 Iliaco
382 1565 516 1628 similem
530 1585 677 1647 puerum,
699 1566 866 1645 Faustine,
886 1568 1029 1628 ministro

310 1651 410 1712 Lusca
424 1651 553 1731 Lycoris
569 1657 656 1711 amat.
687 1650 785 1725 Quum
801 1650 883 1711 bene
900 1649 986 1712 lusca
1000 1650 1107 1712 videti

678 1799 742 1861 xs.
839 1773 845 1782 ’

269 1913 378 1974 Mutua
393 1911 477 1992 quod
490 1912 579 1972 nobls
593 1917 644 1972 ter
659 1913 874 1993 quinquagena
889 1911 1010 1979 dedisti

310 1997 357 2058 Ex
372 1997 482 2076 opibus
496 1997 607 2072 tantis,
631 2015 705 2075 quas
721 1997 821 2075 muris
837 2017 908 2058 arca
920 2000 1054 2079 premit,

268 2081 346 2141 llsse
360 2082 418 2140 tibi
433 2099 577 2159 magnus,
599 2078 766 2159 Telesine‚
776 2078 902 2142 'uideris
915 2085 1040 2145 amicus.

311 2165 361 2224 'lu
375 2182 517 2243 maguus,
538 2163 621 2244 quud
636 2163 716 2224 das?
736 2166 829 2226 immo
844 2183 919 2246 ego,
941 2167 1024 2246 quod
1040 2171 1165 2251 recipis.

665 2313 744 2376 XLI.

268 2427 389 2488 Inserta
404 2423 530 2506 phialae
544 2427 701 2488 Mentoris
716 2426 912 2488 manuducta

267 2511 399 2572 Lacerta
417 2511 492 2570 vivit
506 2518 538 2572 et
553 2513 682 2572 timetur
696 2518 865 2589 argentum.

668 2659 759 2721 LXll.

267 2774 419 2834 Lomento
435 2791 525 2852 rugas
538 2773 622 2833 uteri
638 2771 721 2850 quod
735 2771 871 2833 condere
885 2779 1037 2854 temptas,

308 2857 416 2934 Polla,
436 2858 495 2917 tibi
506 2863 667 2935 ventrem,
688 2876 751 2916 non
766 2857 842 2917 mihi
857 2856 946 2918 labra
958 2855 1042 2921 linis.

267 2941 460 3024 Simpliciter
474 2948 580 3022 pateat
592 2942 700 3000 uitium
714 2941 848 3001 fortasse
861 2939 1024 3021 pusillum:

310 3025 400 3103 Quod
414 3028 549 3107 tegitur,
572 3044 713 3103 magnum
728 3024 868 3086 creditur
883 3044 954 3086 esse
967 3026 1090 3088 malum.

653 3176 757 3237 XLlll.

265 3303 413 3365 Mentiris
427 3307 569 3367 iuvenem
583 3307 708 3381 tinctis,
728 3305 875 3383 Laetine‚
898 3301 1039 3382 capillis,

308 3388 386 3449 Tam
398 3391 500 3452 subito
516 3411 641 3469 corvus,
663 3391 714 3468 qui
729 3389 820 3449 modo
838 3406 954 3467 cygnus
969 3405 1047 3447 eras.

263 3473 333 3534 Non
348 3491 454 3535 omnes
468 3474 567 3550 fallis3
589 3476 649 3535 scit
660 3481 693 3534 te
706 3474 896 3555 Proserpina
910 3490 1033 3532 canum:

305 3559 474 3620 Personam
489 3561 581 3640 capiti
595 3559 741 3620 detrahet
756 3557 811 3619 illa
824 3565 887 3618 tuo.
