2442 4209
310 321 651 384 EPIGRAMMATON
663 322 738 384 LlB.
753 322 776 385 1.
1024 321 1066 384 23

117 473 222 536 Procul
236 453 382 534 horridus
395 473 550 534 Liburnus
559 479 599 532 'et
614 471 762 552 querulus
778 471 892 552 cliens,

154 558 283 639 imperia
295 556 453 617 viduarum
466 555 591 637 procul;

83 643 179 707 ioNon
192 647 317 722 rumpet
330 640 425 702 altum
439 639 572 721 pallidus
590 657 729 700 somnum
742 659 834 719 reus,

153 726 214 787 Sed
227 744 317 786 mane
331 724 589 786 totamcormles.

117 812 272 872 Mereatur
287 809 364 869 alius
379 808 496 888 grande
511 815 544 870 et
557 810 698 868 insanum
714 809 845 889 sophos:
979 837 991 887 a

152 895 307 955 Miserere
322 901 356 954 tu
369 893 508 954 felicium

116 979 255 1058 Veroque
270 979 378 1038 fruere
393 997 455 1038 uon
471 979 624 1058 superbus
637 975 763 1055 gaudio,

84 1071 111 1124 tt
152 1065 226 1124 llum
240 1064 321 1124 Sura
334 1061 476 1124 laudatur
490 1069 570 1124 tuus.

115 1146 177 1207 Non
192 1146 393 1229 inpudenter
406 1147 469 1207 uita
483 1145 566 1226 quod
580 1144 711 1207 relicum
726 1151 776 1205 eat
789 1147 886 1224 petit,

152 1231 227 1292 (lum
240 1233 321 1292 lama
336 1230 418 1309 quod
432 1231 505 1290 satia
526 1238 574 1290 eat
588 1231 691 1290 habet.

525 1363 561 1424 L.

115 1477 143 1536 Si
155 1477 212 1537 tibi
228 1473 388 1555 Mistyllos
403 1495 512 1554 cocus,
535 1473 724 1553 Aemiliane,
744 1482 886 1555 vocatur,

151 1562 280 1621 Dicatur
295 1578 389 1639 quare
405 1579 467 1620 non
486 1559 643 1621 Taratalla
657 1560 754 1618 milit

525 1693 572 1754 Ll.

113 1807 175 1867 Non
188 1809 267 1869 facit
284 1805 323 1867 a'd
337 1825 444 1866 saevos
459 1807 578 1884 cervix,
592 1807 653 1867 nisi
667 1807 780 1886 prima,
794 1805 912 1868 leones.

149 1891 232 1968 Quid
245 1892 328 1970 fugis
342 1892 399 1950 hos
415 1889 542 1970 dentes,
560 1891 721 1951 ambitione
735 1888 849 1971 lepus?

21 2017 23 2058 ,
113 1975 236 2036 Scilicet
253 1975 401 2054 amagnis
416 1975 454 2035 ad
468 1982 501 2035 te
516 1973 709 2035 descendere
726 1976 822 2035 tauris

21 2065 22 2110 l
147 2061 188 2120 lit
203 2077 283 2140 quae
298 2079 360 2119 nou
375 2067 506 2120 cernunt
519 2059 665 2138 frangere
680 2056 758 2119 oolla
771 2058 860 2123 velis.

98 2143 312 2225 tllesperanda
327 2144 385 2204 tibi
400 2150 449 2203 est
461 2137 597 2224 ingentis
613 2141 714 2224 gloria
727 2143 800 2204 fati:

22 2263 23 2266 =
151 2231 218 2289 Non
233 2235 325 2309 potes
342 2228 401 2287 hoc
416 2229 519 2288 tenuis
533 2225 650 2308 praeda
664 2229 719 2288 sub
735 2227 827 2288 hoste
841 2229 931 2293 morl.

519 2361 580 2421 Lll,

23 2465 24 2498 ³
113 2474 299 2534 Commendo
313 2476 388 2553 tihi,
411 2476 593 2554 Quintiane,
615 2480 739 2536 nostros
757 2511 799 2523 -

113 2558 239 2618 Nostros
256 2557 363 2618 dicere
381 2559 409 2618 si
423 2565 527 2620 tamen
541 2557 669 2619 libellos

112 2641 254 2721 Possum,
275 2662 351 2722 quos
365 2644 478 2704 recitat
492 2650 561 2704 tuus
575 2651 669 2723 poeta
681 2665 738 2702 --ε

24 2751 25 2768 ι
113 2726 197 2787 Side
216 2729 344 2787 servitio
362 2729 445 2805 gravi
462 2735 649 2807 queruntur,

24 2809 25 2830 ²
96 2812 260 2872 adssertor
274 2811 379 2871 venias
393 2813 530 2891 satisque
543 2819 700 2892 praestes,

111 2895 164 2972 lit,
187 2915 256 2955 curn
272 2913 305 2955 se
321 2893 476 2956 dominum
492 2897 614 2957 vocabit
627 2894 698 2973 ille,

113 2979 199 3038 llioas
213 2997 284 3040 esse
299 2998 383 3040 meos
398 2999 549 3061 manuque
565 2981 683 3041 missos.

112 3063 175 3123 lloc
190 3065 217 3123 sl
235 3069 348 3141 terque
365 3071 536 3144 quaterque
552 3063 736 3142 clamitaris,

113 3146 251 3228 impones
265 3145 416 3228 plagiario
430 3148 591 3228 pudorem.
616 3181 621 3190 ·
676 3149 682 3160 ‘

507 3297 581 3358 Llll.

113 3407 177 3468 Una
192 3417 240 3471 est
255 3412 290 3470 in
303 3412 419 3471 nostris
435 3419 502 3488 tua,
524 3411 708 3486 Fidentine,
729 3407 848 3472 libellis

26 3513 27 3524 ¹
112 3490 238 3572 Pagina,
257 3493 318 3554 sed
332 3501 418 3555 certa
432 3494 547 3555 domini
561 3496 681 3574 signata
694 3495 809 3573 figura,

27 3599 28 3612 ι
114 3575 195 3651 Quae
208 3585 260 3640 tua
274 3577 411 3640 traducit
424 3581 588 3640 manifesto
603 3580 738 3640 carmina
752 3580 845 3639 furto.
