2442 4209
301 318 643 381 EPlGRAMMA'l'ON
655 319 731 384 LIB.
747 321 797 381 XI.
1011 322 1075 386 279

499 471 607 537 XCVI.

113 590 246 666 Marcia,
266 606 329 647 uon
342 586 484 665 Rhenus,
506 584 580 646 salit
593 587 659 664 bic,
681 585 854 647 Germane:
881 586 956 666 quid
970 591 1074 652 obstas

151 673 194 734 lit
207 690 339 754 puerum
351 671 502 752 prohibes
514 669 619 731 diritIs
631 670 732 730 imbre
745 668 856 731 lacus?

113 758 265 834 llarbare,
284 774 347 816 non
361 754 457 815 debet
470 756 611 815 submoto
628 754 695 814 eise
709 755 845 815 ministri

153 842 312 921 Captivam
327 839 438 900 victrix
451 838 533 899 nuda
545 836 653 898 levare
668 839 761 901 sitim.

445 1056 447 1062 ,
494 972 616 1035 xovu.

113 1090 180 1150 Una
194 1095 288 1150 nocte
303 1096 413 1168 quater
426 1108 565 1170 possum:
587 1087 644 1149 sed
659 1064 805 1168 quattuor
819 1086 907 1146 annis

153 1173 188 1233 Si
202 1192 344 1255 possum,
365 1192 507 1254 peream,
528 1178 562 1234 te
577 1169 732 1233 Telesilla
748 1168 853 1231 semel.

483 1306 620 1370 XCVIII.
658 1324 662 1330 ’

112 1406 260 1485 Effugere
274 1427 336 1469 nou
350 1415 416 1485 est,
430 1402 567 1483 Flaeee,
587 1406 768 1466 basiatores.

113 1492 247 1569 Instant,
269 1498 444 1570 morantur,
465 1495 689 1572 persecuntur,
711 1496 897 1567 occurrunt,

113 1575 153 1635 iit
166 1575 241 1635 binc
255 1582 289 1636 et
305 1575 410 1654 illiue,
431 1592 668 1654 usquequaque,
691 1590 882 1653 quacunque.

114 1660 181 1719 Non
197 1658 286 1721 ulcus
299 1678 371 1720 aere
383 1659 563 1740 pustuiseve
577 1658 736 1735 lucentes,

92 1743 174 1804 oNec
188 1746 280 1805 triste
293 1750 430 1805 mentum
443 1741 624 1823 sordiquue
638 1741 795 1818 lichenes,

113 1828 177 1887 Nec
190 1826 279 1888 labra
291 1829 397 1909 plngui
416 1826 553 1889 delibuta
569 1832 691 1902 cerato,

114 1912 177 1973 Nec
195 1911 350 1991 congelati
364 1918 450 1992 gutta
464 1911 607 1993 proderit
621 1910 701 1971 nasi:

13 2014 14 2065 i
114 1998 155 2057 iit
168 2003 359 2058 aestuantem
377 1998 496 2058 basiant
512 2002 544 2057 et
559 1993 731 2074 algentem,

115 2082 154 2141 lit
168 2079 308 2162 nuptiale
323 2083 440 2142 basium
458 2087 678 2142 reservantem,

79 2165 181 2227 10Non
195 2170 228 2226 te
244 2165 374 2227 cucullis
393 2171 513 2226 asseret
527 2171 619 2245 eaput
634 2169 770 2239 tectum,

115 2250 241 2311 Lectica
255 2269 314 2311 nee
329 2257 362 2311 te
378 2256 443 2311 tuis
455 2248 540 2330 pelle
554 2246 706 2327 veloque,

117 2333 179 2395 Nec
195 2332 364 2395 vindicabit
378 2332 455 2394 sella
470 2333 592 2414 saepius
608 2331 708 2391 clusae

115 2419 217 2479 Rimas
232 2436 291 2499 per
306 2436 412 2479 omnes
427 2418 562 2478 basiator
575 2416 715 2475 intrabit.

116 2502 183 2562 Non
198 2501 376 2563 consulatus
391 2504 476 2582 ipse,
499 2519 562 2560 nou
575 2500 750 2559 tribunatus

82 2586 226 2647 lasenive
242 2586 360 2665 fasces,
381 2603 440 2646 nec
454 2586 586 2664 superba
602 2582 727 2642 clamosi

117 2671 249 2731 Lictoris
264 2672 367 2749 abiget
380 2671 464 2748 virga
478 2670 674 2729 basiatorem.

117 2753 231 2815 Sedeas
246 2756 277 2814 in
293 2754 354 2814 alto
369 2760 402 2813 tu
416 2752 492 2814 licet
505 2747 655 2813 tribunali

117 2840 156 2899 ut
170 2858 189 2899 e
208 2836 310 2899 curuli
322 2840 391 2898 iura
403 2838 547 2915 gentibus
561 2833 693 2912 reddas,

118 2922 273 2983 Ascendet
288 2921 341 2983 ills
355 2922 491 2982 basiator
506 2927 598 2999 atque
613 2917 686 2997 illa,

80 3006 355 3068 tollebrioitautem
370 3005 501 3066 basiabit
516 3012 548 3065 et
563 3005 706 3080 flentem,

121 3092 209 3152 llabit
223 3091 368 3151 oscitanti
381 3090 498 3151 basium
513 3089 714 3167 nutantique,

119 3175 207 3236 Dabit
222 3182 256 3235 et
270 3176 395 3235 cacanti.
425 3172 606 3233 Remedium
622 3170 695 3232 mali
709 3168 809 3229 solum
824 3173 890 3244 est,

118 3259 224 3319 Facias
240 3260 369 3319 amicum
383 3260 504 3319 basiare
521 3276 612 3337 quem
626 3255 716 3318 nolis.

503 3390 609 3451 XCIX.

121 3504 164 3563 lle
178 3494 326 3565 cathedra
342 3504 486 3583 quotiens
501 3505 602 3583 surgis
617 3498 733 3561 —iam
747 3519 841 3582 saepe
855 3497 958 3561 notavi
972 3530 1013 3540 -

160 3586 330 3649 I’sedieant
344 3590 492 3668 miserae,
514 3587 643 3681 Lesbia,
662 3593 695 3645 te
710 3586 843 3648 tunicae.
