2442 4209
17 260 22 272 Ι
144 311 192 380 Δ38
470 309 866 376 hl.VAL.MllRT1ALlS

233 467 268 530 lu
284 486 343 548 qus
356 474 419 528 nm
433 462 564 527 similem
577 465 698 527 videbis
711 464 822 544 lesem,

189 552 277 615 sont
292 553 333 612 sit
345 557 408 612 tum
423 549 531 612 similis
545 550 605 612 sibi
617 569 677 610 nec
691 551 767 630 ipsu.

233 637 328 698 lsssm
342 635 478 717 denique
493 653 576 716 poue
590 655 659 695 cum
673 632 807 696 tubelle:
914 687 924 704 ,

234 722 297 781 Aut
310 726 471 800 utrumque
484 721 607 801 putabis
623 737 692 780 esso
705 737 828 799 veram,

235 806 298 865 Aut
312 811 474 887 utrumque
487 805 610 886 putsbis
626 821 696 866 esse
708 806 831 886 pictum.

642 939 707 1001 ΟΧ.

235 1051 382 1116 Scribere
397 1071 447 1114 me
464 1055 623 1132 quereris,
641 1051 762 1130 Velox,
785 1054 1003 1133 epigrammate
1016 1051 1121 1135 longe.

275 1136 345 1219 lpse
359 1135 439 1200 nihil
451 1138 576 1198 scribis:
596 1144 630 1198 tu
644 1139 786 1199 breviora
800 1138 887 1202 facis.

636 1272 713 1334 cxl.

235 1383 313 1447 (lum
325 1386 385 1445 tibi
402 1387 444 1446 slt
457 1387 584 1467 sophiae
598 1406 654 1466 per
668 1386 750 1446 fumo
764 1392 796 1447 et
810 1406 885 1446 cure
896 1384 1052 1467 laborum,

210 1514 214 1520 -
272 1469 403 1548 Ingenio
418 1471 518 1550 pletas
532 1489 591 1530 nec
605 1471 706 1530 miuor
720 1473 787 1551 ipse
806 1490 876 1531 suo:

235 1553 361 1634 Ignorst
372 1555 493 1615 meritis
511 1554 586 1616 dere
601 1573 744 1634 munere,
767 1556 819 1634 qui
833 1555 892 1616 tibi
905 1553 1021 1616 librum

275 1639 318 1700 nt
333 1639 385 1718 qui
399 1639 543 1720 miretur,
565 1637 700 1720 Regulo,
719 1646 789 1702 ture
803 1639 879 1701 duri.

620 1774 711 1834 CXII.

235 1886 312 1946 cum
326 1890 360 1946 te
372 1904 435 1946 uon
448 1904 586 1963 nossem,
607 1885 761 1947 dominum
776 1905 944 1966 regemque
957 1865 1136 1947 vocubsme'

275 1968 364 2029 Nunc
378 1971 459 2030 hene
472 1976 505 2029 te
521 1970 606 2030 novi:
627 1971 687 2029 ium
703 1971 779 2030 mihi
793 1971 918 2032 Priscus
931 1973 1004 2033 eris.
1018 2007 1020 2010 ·

619 2082 723 2144 cxffl.

235 2178 445 2256 Quaecunque
460 2175 522 2238 lusi
536 2179 656 2240 iuvenis
670 2186 703 2240 et
715 2199 795 2261 puer
810 2180 964 2262 quoudsm

235 2263 413 2344 Apinasque
427 2268 573 2341 nostrus‚'
588 2283 662 2342 quus
676 2283 735 2326 nec
749 2267 818 2346 lpse
831 2268 893 2328 ium
904 2267 992 2346 novi,

146 2391 150 2398 -
234 2343 322 2408 Mule
338 2344 494 2408 collocare
512 2349 539 2408 si
553 2349 649 2409 hones
663 2347 750 2411 voles
764 2351 858 2412 horus

233 2431 276 2491 ut
290 2429 443 2492 invidebis
458 2433 521 2492 otio
537 2439 609 2513 tuo,
629 2433 747 2512 lector,

212 2517 263 2576 uA
277 2512 444 2578 Vulcriuuo
458 2514 549 2578 Polio
563 2523 654 2600 petes
670 2519 802 2598 Quinto,

175 2601 179 2608 '
233 2599 296 2661 Per
312 2619 403 2680 quem
416 2603 522 2684 perire
537 2621 599 2662 non
613 2601 690 2664 licet
703 2605 781 2665 meis
795 2605 893 2684 nugis.

618 2737 723 2802 cxlv.

233 2847 300 2909 Hos
313 2850 371 2910 tibi
386 2851 519 2932 viciuos,
536 2851 701 2933 sansone,
724 2855 941 2940 Telesphorus
955 2859 1065 2919 hortos

275 2932 409 2996 Faenius
425 2942 459 2996 et
472 2937 567 2998 breve
584 2959 638 2999 rus
653 2938 775 3020 udoque
788 2948 879 3024 prutu
891 2948 990 3007 tenet.

234 3015 383 3078 Condidit
397 3019 449 3081 hic
462 3028 552 3081 natae
567 3023 690 3084 cineres
704 3043 881 3106 nomenque
895 3029 1028 3089 secrevit

276 3100 367 3179 Quod
378 3100 459 3183 legis
473 3105 634 3186 Antullae,
654 3107 777 3187 dignior
790 3112 859 3191 ipse
872 3109 945 3192 legi.

212 3181 286 3246 odd
303 3185 425 3266 Stygios
439 3207 570 3269 sequum
584 3191 688 3253 fueret
701 3196 885 3274 peter-isset
898 3202 934 3257 ut
948 3197 1093 3260 umhrusz

275 3268 366 3348 Quod
380 3273 525 3351 quianon
539 3273 644 3355 licuit,
662 3278 760 3356 vivut,
779 3286 815 3340 ut
829 3299 898 3341 ossu
911 3278 1003 3343 colet.

623 3389 716 3452 CXV.

233 3479 390 3558 Quaedam
402 3502 452 3544 me
467 3487 567 3567 cupit,
585 3488 691 3550 invide
704 3490 858 3572 Procille,

173 3585 178 3596 ’
230 3563 309 3626 Loto
325 3565 485 3630 candidior
498 3570 603 3651 puella
619 3592 733 3661 cygno,
