2442 4209
301 314 641 377 EPIGRAMMATON
652 316 790 379 Lmvi
872 410 876 416 Ι
1006 315 1121 391 lat,

120 468 184 527 Hoc
197 466 235 527 de
248 464 376 547 palmite
391 464 523 527 laeseris
539 485 696 545 racemos,

87 552 282 627 loNascetur,
298 550 375 611 lieet
388 552 448 610 hoc
462 549 539 610 velis
553 569 686 630 negare,

118 636 231 695 inserta
244 636 302 695 tibi
314 635 390 696 licus
406 656 423 695 a
438 652 595 714 cupressu.

533 781 569 843 L.

118 898 190 960 (ium
203 895 322 957 coleret
335 914 430 974 puras
444 912 563 974 pauper
578 894 746 956 Telesinus
761 896 891 977 amisus,

157 982 288 1041 Errabat
301 978 403 1058 gelida
415 977 558 1039 sordidus
569 978 602 1037 iu
615 977 731 1057 togula.

120 1065 272 1126 Obscenos
287 1082 325 1129 ex
339 1081 398 1142 quo
413 1063 518 1141 coepit
533 1080 644 1121 curare
658 1063 820 1142 cinaedos,
913 1088 927 1095 ·

157 1151 343 1227 Argentum,
365 1164 504 1218 mensas,
526 1145 653 1225 praedia
667 1144 751 1207 solus
764 1151 849 1211 emit.

99 1234 169 1297 svis
181 1234 253 1293 lieri
266 1231 369 1307 dives,
390 1230 571 1309 Bithynice,
594 1232 736 1290 conscius
749 1239 828 1294 estu.

155 1316 203 1378 Nil
218 1316 276 1377 tibi
289 1314 340 1376 vel
355 1315 511 1374 minimum
526 1315 610 1374 basia
625 1314 843 1403 puraoslabuut.

494 1510 501 1517 -
523 1476 571 1537 Ll.

119 1588 203 1665 Quod
217 1592 387 1651 convivaris
401 1592 469 1650 siue
484 1610 533 1652 me
549 1596 611 1649 tam
626 1608 737 1670 saepe,
759 1590 918 1671 Luperca,

158 1668 278 1751 Inveni,
299 1693 426 1735 noceam
445 1694 504 1754 qua
518 1674 640 1733 ratione
656 1674 724 1733 tibi.

119 1758 247 1838 irascor,
266 1758 347 1819 licet
360 1777 458 1837 usque
473 1776 564 1819 voces
577 1759 743 1838 mittasque
762 1776 925 1837 rogesque.

26 1840 27 1891 ]
156 1842 259 1923 „Quid
276 1842 418 1904 ιἰιιιίιιιιιι
436 1842 549 1922 inquis.
581 1840 664 1918 Quid
677 1841 810 1903 faciam?
831 1844 961 1906 veniam.

520 2004 583 2066 Lll.

121 2116 182 2175 lluc
196 2116 279 2175 iacet
291 2116 325 2174 iu
338 2113 456 2176 tumulo
471 2123 576 2194 raptus
589 2114 762 2195 puerilibus
776 2119 864 2177 aunis

155 2199 377 2278 Pantagathus,
398 2198 513 2259 domini
528 2219 600 2259 cura
615 2196 767 2279 dolorque
781 2203 845 2280 sui,

120 2284 174 2353 Vix
187 2290 337 2363 tangente
351 2302 443 2362 vagos
459 2283 545 2351 terro
560 2299 706 2343 resecare
721 2281 850 2363 capillos
876 2329 881 2337 .

157 2369 273 2429 Doctus
289 2375 322 2428 et
335 2369 470 2427 hirsutas
484 2366 656 2428 excoluisse
670 2385 774 2446 genas.

103 2450 165 2512 usis
178 2450 272 2529 licet,
294 2458 330 2512 ut
347 2451 458 2530 lebes,
481 2450 591 2530 tellus,
613 2450 735 2532 placata
747 2448 906 2532 levisque,

29 2596 30 2603 χ
157 2538 294 2597 Artificis
307 2535 406 2596 levior
420 2555 482 2596 nou
496 2545 588 2615 potes
606 2553 676 2596 esse
689 2555 790 2598 mauu.

509 2684 584 2745 Llll·
594 2746 596 2751 .

28 2792 29 2865 i
121 2796 208 2858 Lotus
221 2800 383 2859 nobiscum
397 2808 461 2878 est,
483 2799 593 2861 hilaris
608 2804 742 2881 cenavit,
764 2810 798 2863 et
810 2800 893 2863 idem

28 2896 29 2967 j
158 2884 299 2943 iuventus
314 2902 404 2943 mane
418 2892 468 2945 est
481 2891 620 2945 mortuus
635 2884 841 2967 Andragoras.

28 2972 29 2983 ¹
123 2966 192 3025 'l'am
206 2969 326 3028 subitae
340 2972 450 3029 mortis
467 2989 603 3048 causam,
624 2970 789 3048 Faustina,
810 2970 970 3051 requiris?

158 3052 189 3110 lu
205 3054 320 3112 somnis
335 3051 487 3126 medicum
502 3053 623 3113 viderat
636 3054 872 3117 Hermocraten.

511 3178 604 3265 u1v.'

74 3326 78 3334 ·
124 3310 235 3374 Tantus
250 3320 283 3375 et
299 3322 401 3375 tantas
419 3317 446 3375 si
461 3315 568 3376 dicere
585 3313 805 3393 Sextilianum,
903 3386 909 3393 .

161 3396 256 3476 Aule,
278 3406 383 3477 setes,
404 3402 512 3479 iunget
526 3399 653 3460 virtria
667 3402 761 3459 verba
778 3402 881 3464 miser.

103 3502 105 3508 ’
125 3481 221 3557 „Quid
235 3484 293 3543 sibi
308 3482 419 3543 vult⁴3“
433 3486 545 3564 inquis.
574 3483 698 3561 Dicam,
722 3483 798 3562 quid
810 3487 951 3567 suspicer
965 3502 1053 3545 esse:

161 3566 275 3628 Tantus
291 3576 324 3645 et
337 3575 438 3629 tautas
453 3565 640 3630 Sextilianus
654 3575 743 3632 amat.
