2442 4209
282 407 623 470 EPIGRAMMATON
643 409 774 473 Lunnn.

462 611 600 692 „vu

101 726 230 804 Qualiter
245 729 276 786 in
293 728 439 806 Scythico
453 727 602 806 religatus
616 746 693 808 rupe
710 729 915 789 Prometheus

133 810 288 872 Assiduam
302 813 396 872 nimio
413 819 541 893 pectore
556 814 640 892 pavit
654 831 756 890 suern,

100 895 174 955 Nuda
188 893 359 957 Caledonio
374 898 419 956 sic
434 898 552 957 viscera
566 897 711 976 praebuit
724 916 796 956 urso

133 981 196 1040 Non
210 978 289 1041 falsa
303 981 444 1060 pendens
459 983 491 1040 in
507 999 599 1040 cruce
613 979 793 1043 Laureolus.

81 1065 239 1125 5Virebant
252 1064 349 1126 laceri
368 1066 514 1125 membris
529 1064 715 1126 stillantibus
732 1072 817 1124 artus

132 1150 225 1228 lnque
239 1151 321 1209 omni
334 1169 482 1229 nusquam
497 1169 629 1229 corpore
645 1170 756 1228 corpus
771 1156 846 1212 erat.

98 1233 227 1312 lienique
242 1233 425 1314 supplicium
442 1234 572 1316 dignum
587 1236 678 1296 tulit:
692 1235 747 1294 ute
758 1236 901 1314 parentis

132 1317 187 1380 Vel
204 1317 321 1380 domini
334 1318 471 1398 iugulum
484 1317 608 1378 foderat
625 1337 699 1378 ense
713 1336 846 1391 nocens;

97 1401 218 1483 'l'empla
232 1401 283 1463 vel
299 1423 409 1464 arcano
426 1403 553 1463 demens
569 1402 756 1482 spoliaverat
771 1420 860 1479 auro,

69 1497 91 1546 tt
131 1485 316 1547 Subdiderat
327 1507 430 1548 saevas
444 1487 494 1547 vel
510 1488 582 1566 tibi,
604 1487 717 1565 Rome,
739 1485 832 1546 faces.

97 1572 214 1632 Vicerat
231 1572 374 1651 antiquae
389 1569 561 1632 sceleratos
576 1573 704 1630 crimina
717 1570 834 1647 famae,

131 1657 250 1736 inquo,
274 1675 351 1734 quae
366 1657 469 1717 iuerat
483 1653 602 1733 fabulo,
625 1674 725 1735 poena
738 1655 807 1713 snit.

488 1791 563 1852 Vlll.

97 1906 240 1985 Daedale,
258 1908 380 1968 Lucano
397 1928 464 1968 cum
480 1909 524 1967 sic
538 1907 688 1968 lacereris
703 1909 740 1966 ab
758 1925 848 1981 urso,

130 1993 224 2067 Quem
241 2010 371 2072 cuperes
384 1994 494 2073 pinnen
510 2012 590 2052 nnnc
603 1993 749 2051 habuisse
764 1991 846 2050 tuas!

496 2127 546 2189 lX.

93 2241 247 2304 Praestitit
264 2245 417 2304 exhibitus
433 2252 497 2305 tota
511 2245 583 2322 tibi,
604 2243 734 2320 Caesar,
756 2244 872 2302 herens
941 2282 945 2291 ·

128 2329 211 2403 Quae
225 2348 288 2388 non
303 2329 444 2407 promisit
457 2327 575 2410 praelia
587 2328 780 2389 rhinoceros.

94 2411 115 2467 0
130 2432 216 2490 qnam
237 2410 391 2473 terribilis
406 2413 520 2473 exarsit
533 2429 650 2492 pronus
661 2412 694 2470 in
709 2410 788 2469 iras!

128 2497 266 2572 Quantus
281 2507 349 2557 erat
364 2504 484 2574 taurus,
507 2498 555 2555 cui
570 2493 634 2575 pila
648 2502 753 2553 taurus
768 2493 849 2552 erat!

506 2629 542 2690 X.

92 2745 234 2806 Laeserat
247 2748 368 2825 ingrato
382 2744 433 2806 leo
451 2746 589 2826 perfidus
604 2764 659 2806 ore
672 2745 866 2824 magistrum,

128 2831 227 2891 Ausus
243 2838 305 2890 tam
320 2838 408 2891 notas
423 2838 637 2892 contemerare
652 2848 774 2907 manus,

93 2914 146 2974 Sed
161 2914 272 2994 dignas
289 2920 374 2974 tento
391 2913 542 2995 persolvit
557 2916 686 2974 crimine
701 2931 833 2993 poenas,

125 2999 164 3058 Et
179 3001 233 3079 qui
249 3018 310 3059 non
325 2996 441 3060 tulerat
457 3001 603 3074 verbero,
626 2997 689 3058 tels
702 2997 784 3059 tulit.

76 3083 166 3158 tQuos
181 3083 277 3143 decet
295 3101 364 3144 esse
378 3084 534 3144 hominum
550 3083 606 3144 tuli
621 3084 677 3143 sub
691 3082 833 3162 principe
848 3096 969 3156 mores,

127 3168 183 3243 Qui
201 3169 290 3254 lutet
304 3169 461 3246 ingenium
475 3170 578 3228 mitius
593 3186 663 3228 esse
678 3166 769 3226 ieris!

496 3303 545 3364 XI.

94 3412 242 3496 Praeceps
259 3417 423 3494 sanguinea
441 3416 510 3476 dum
526 3435 559 3476 se
576 3423 658 3475 rotat
673 3434 761 3475 ursus
775 3416 906 3494 harene,

126 3501 308 3580 implicitum
321 3502 403 3560 risco
420 3499 559 3580 perdidit
573 3497 630 3559 ille
643 3500 753 3580 fugem.

92 3581 258 3662 Splendida
271 3585 331 3644 ianr
345 3590 428 3644 tecto
444 3591 568 3644 cessent
581 3582 731 3645 uenabula
745 3583 850 3664 ferro,

35 3747 36 3764 Χ
125 3668 188 3728 Nec
202 3667 291 3728 volet
304 3685 429 3729 excussu
442 3667 550 3730 lances
564 3675 647 3730 torte
660 3685 767 3742 mann3

1022 410 1044 474 3
