2442 4209
498 335 544 401 M.
558 335 653 398 VAL.
669 334 896 395 MARTIALIS

262 493 351 554 Hanc
365 498 457 573 pete,
479 509 539 551 nec
554 496 677 550 metuas
687 489 786 548 fastus
801 479 961 568 limenque
975 491 1167 569 superbum:

303 575 396 637 ania
416 576 513 654 magis
527 578 595 634 toto
610 574 702 633 ianua
714 580 804 653 porte
818 578 923 652 patet,

205 661 326 724 'leee
340 661 469 742 propior
485 678 575 738 quam
589 658 735 717 Phoebus
753 662 834 717 amet
849 655 1023 736 doctaeque
1038 676 1182 723 sorores.

304 745 337 804 Si
354 743 438 804 dicet
451 743 576 821 „Quare
589 760 653 801 non
667 749 769 807 tamen
784 741 853 820 ipse
865 741 996 800 veuit?“

262 828 314 889 Sic
326 826 404 888 licet
417 845 545 888 excuses
559 825 660 904 „Quia
672 822 895 905 qualiacunque
908 821 1059 903 leguntur

303 913 381 991 ista,
404 910 554 972 salutator
569 910 709 969 scribere
722 929 785 969 non
798 909 934 988 potuit.“

649 1063 756 1129 LXXI.

262 1197 375 1256 Laevia
389 1215 443 1256 sex
459 1197 595 1275 cyathis,
618 1202 737 1276 septem
752 1195 867 1255 Iustina
881 1197 1021 1269 bibatur,

306 1281 448 1360 Quinque
464 1279 580 1359 Lycas,
600 1279 689 1360 Lyde
705 1285 866 1357 quattuor,
887 1277 941 1339 ida
954 1280 1067 1342 tribus.

263 1365 369 1425 Omnia
387 1367 423 1424 ab
440 1364 542 1424 infuso
556 1369 737 1424 numeretur
754 1365 850 1424 amica
863 1361 1015 1439 Falerno,

304 1451 347 1510 Et
361 1450 431 1528 quia
446 1447 531 1509 nulla
544 1449 646 1526 venit,
669 1454 704 1507 tu
717 1448 808 1524 mihi,
831 1447 962 1525 Somne,
983 1447 1056 1506 veni

640 1611 762 1673 LXXII.

263 1739 386 1801 Noutria
399 1742 540 1801 versibus
557 1759 626 1801 ease
640 1748 673 1801 te
686 1747 826 1823 poetam,

263 1823 447 1904 Fidentine,
468 1833 558 1905 putas
577 1827 726 1905 cupisque
740 1825 850 1885 credi?

265 1908 316 1968 Sic
331 1908 456 1969 dentata
473 1910 533 1968 sibi
547 1907 672 1968 videtur
690 1907 791 1987 Aegle

263 1993 383 2072 Emptis
398 1993 517 2052 ossibus
532 1991 700 2070 Indicoque
716 2012 827 2067 cornu;

242 2075 317 2134 osio
332 2094 410 2153 quae
424 2076 543 2153 nigrior
556 2082 605 2136 eat
619 2075 750 2136 cadente
763 2096 868 2154 moro,

265 2159 431 2218 Cerussata
447 2153 511 2219 sibi
519 2159 625 2240 placet
638 2161 778 2240 Lycoris.

263 2243 329 2301 Hac
346 2250 379 2302 et
393 2249 428 2303 tu
442 2245 562 2304 ratIone
579 2265 638 2323 qua
651 2251 745 2324 poeta
760 2264 810 2324 es,
897 2317 902 2326 Δ

264 2325 375 2387 Calvus
390 2347 458 2387 cum
471 2328 584 2406 fueris,
606 2330 671 2388 eris
686 2336 832 2391 comatus.

635 2477 769 2538 LXXIII.

264 2601 374 2664 Nullus
387 2605 420 2663 in
437 2606 514 2664 urbe
529 2605 590 2666 fuit
603 2611 670 2665 tota
685 2606 737 2683 qni
753 2609 882 2683 tongere
896 2601 992 2664 vellet

305 2688 441 2749 Uxorem
455 2690 567 2768 gratis,
591 2687 784 2766 caeciliane,
807 2695 905 2764 tuam,

266 2773 344 2832 Dum
358 2772 461 2832 licuit:
477 2773 533 2832 sed
547 2793 629 2832 nunc
643 2773 753 2853 positis
769 2770 947 2832 custodibus
960 2773 1073 2850 ingens

307 2857 412 2917 Turbo
426 2857 597 2917 fututorum
612 2865 678 2917 est:
700 2858 878 2935 ingeniosus
892 2858 983 2916 homo
1000 2874 1042 2916 es.

627 3005 763 3066 LXXIV.

263 3132 414 3194 Moechus
430 3138 513 3193 erat:
527 3138 653 3212 poteras
668 3138 772 3191 tamen
786 3133 846 3191 hoc
859 3137 911 3211 tu,
925 3131 1038 3212 Paula,
1056 3154 1201 3215 negare.

305 3218 388 3277 Ecce
402 3219 449 3277 vir
466 3222 528 3276 est:
551 3216 715 3294 numquid,
736 3215 848 3294 Paula,
870 3235 985 3295 negare
999 3223 1123 3297 potes‘.²

641 3363 763 3428 LXXV.

264 3497 430 3580 Dimidium
444 3477 561 3556 donare
575 3495 654 3556 Lino
671 3514 761 3575 quam
775 3495 907 3556 credere
922 3501 1019 3556 totum

307 3583 365 3658 Qui
383 3579 512 3656 mavolt,
533 3578 647 3640 mavolt
659 3579 795 3662 perdere
810 3579 978 3640 dimidium.
1042 3627 1044 3631 .
