2442 4209
449 341 492 400 M.
510 339 601 403 VAL.
617 337 842 399 MAlt'l'lALIS

188 492 327 557 antior
340 494 372 552 in
388 489 454 552 sola
467 509 529 550 non
544 495 593 550 est
607 509 676 550 cum
690 491 789 550 currit
800 490 937 567 barena,

253 577 318 639 Nec
334 593 425 636 cavea
438 581 524 636 tanta
539 573 685 636 conditur
697 573 755 634 ille
769 572 841 636 ilde.

211 661 245 724 Si
259 664 357 724 vitare
376 679 484 720 eanum
498 679 636 737 morsus,
658 657 750 739 lepus
760 658 920 738 improbe,
943 657 1068 737 quaeris

254 746 303 808 Ad
319 762 396 824 quse
411 743 569 822 confugias
585 764 640 803 ora
656 742 758 802 ieonis
770 744 876 804 babes.

594 878 700 940 XLIX.

213 996 271 1058 Vir
287 995 455 1056 Celtiberis
472 992 681 1054 nou-tacende
694 993 839 1072 gentibus

254 1079 447 1159 Nostraeque
462 1079 527 1139 laus
541 1078 726 1157 Hispaniae,

126 1161 130 1168 '
214 1163 344 1226 Videbis
359 1161 469 1240 altam,
491 1163 670 1239 Liciniana,
692 1160 836 1238 Bilbilin,

255 1249 352 1327 Equis
370 1255 404 1309 et
420 1248 512 1308 armis
526 1244 680 1323 nobilem,

192 1332 391 1413 bsenemque
405 1333 514 1394 Gaium
529 1332 665 1407 nivibus,
685 1330 823 1392 effractis
837 1347 957 1390 sacrum

257 1415 490 1478 Vadaveronem
503 1417 675 1494 montibus,

213 1501 256 1562 Et
272 1500 400 1562 delicati
416 1500 505 1560 dulce
521 1499 651 1560 Boterdi
665 1518 788 1578 nemas,

257 1585 393 1646 Pomona
409 1585 490 1664 quod
505 1583 581 1644 ielis
594 1590 683 1646 amat.

216 1668 331 1750 'l‘epidi
346 1669 465 1730 natabis
478 1667 552 1729 leue
568 1668 708 1746 Congedi
723 1666 831 1728 vadum

174 1763 208 1816 10
255 1753 432 1834 Mollesque
447 1754 655 1834 Nympharum
669 1752 771 1829 lacus,

216 1839 332 1916 Quibus
346 1839 507 1900 remissum
523 1858 634 1918 corpus
650 1839 802 1917 astringas
817 1837 905 1897 brevi

257 1923 388 2002 Solone,
411 1925 464 2002 qui
477 1924 595 1983 ferrum
610 1921 703 2000 geist.

215 2008 390 2068 Praestabit
403 2007 469 2066 illic
484 2008 551 2086 ipsa
565 2005 702 2085 figendas
716 2025 815 2087 prope

257 2092 400 2152 Voberca
414 2089 581 2171 prandenti
597 2091 689 2154 feras.

176 2186 207 2237 15
215 2176 327 2236 Aestus
342 2193 471 2235 serenos
489 2193 582 2234 aureo
598 2176 723 2255 franges
739 2175 825 2253 'fago

259 2259 415 2320 Obscurus
429 2260 546 2320 umbris
561 2261 722 2335 arborum3
1044 2322 1056 2344 k

217 2343 343 2404 Avidam
358 2362 469 2404 recens
484 2344 649 2404 Dercenna
664 2343 801 2424 placabit
814 2345 895 2404 sitim
932 2393 951 2426 ‚

257 2428 299 2487 nt
313 2428 433 2506 Nutha,
455 2446 533 2506 quae
547 2428 643 2487 vincit
655 2429 751 2490 nives.
967 2436 974 2444 ’

217 2513 258 2571 At
273 2532 341 2572 curn
355 2513 528 2573 December
543 2532 635 2572 canus
649 2518 682 2573 ct
694 2514 803 2573 bruma
814 2513 969 2592 impotens

174 2603 210 2657 20
258 2595 412 2675 Aquilone
425 2616 518 2656 rauco
532 2598 664 2676 mugiet,
827 2672 832 2677 θ

217 2681 330 2761 Aprica
343 2688 469 2762 repetes
484 2680 671 2742 Tarraconis
684 2679 778 2742 litora

260 2766 419 2845 Tuamque
433 2763 632 2825 Laletaniam.

218 2849 262 2908 Ibi
277 2847 409 2926 illigatas
423 2847 569 2908 mollibus
584 2848 717 2909 dammas
731 2847 831 2929 plagis

183 2957 187 2966 ’
260 2932 410 2994 Mactabis
426 2939 459 2992 et
472 2951 582 2993 vernas
598 2953 690 3012 apros

169 3015 430 3095 'ssneporemque
444 3017 521 3077 forti
537 3015 683 3077 callidum
699 3035 824 3098 rumpes
841 3035 939 3096 equo,

259 3100 376 3160 cervos
391 3100 494 3181 ralinq
496 3120 551 3160 nes
565 3101 667 3163 vilico

216 3184 350 3245 Vicina
341 3203 372 3243 ru
387 3185 486 3265 ipsum
501 3183 578 3245 silva
591 3185 763 3246 descendet
777 3187 880 3247 iocum

258 3268 380 3328 infante
395 3270 528 3329 cinctum
543 3270 687 3345 sordid03

217 3351 387 3413 Vocabitur
399 3359 528 3413 venator
542 3360 576 3413 et
590 3356 697 3414 veniet
710 3356 768 3414 tibi

174 3446 211 3501 30
261 3437 395 3496 Conviva
409 3437 553 3496 clamatus
566 3457 683 3518 prope3

216 3522 335 3581 Lunata
348 3539 496 3599 nusquam
511 3519 605 3600 pellis
621 3528 655 3582 et
669 3541 818 3602 nusquam
832 3527 904 3601 toga

260 3603 431 3684 Olidaeque
447 3611 549 3664 vestes
564 3608 700 3680 murice;
