2442 4209
296 305 640 368 EPIGRAMMATON
656 306 731 372 Llii.
750 309 802 372 lV.
1030 309 1071 373 91
1186 333 1189 342 ·

113 459 186 523 oScd
200 465 233 519 tu
248 476 360 519 nomen
377 459 472 518 habes
488 476 596 519 nverso
609 459 698 519 fonte
713 478 855 520 sororum

163 544 351 625 Impositum,
372 548 472 603 mater
487 542 570 621 quod
584 544 643 603 tibi
658 542 734 603 dura
750 543 853 620 dedit3

130 628 208 706 Quod
220 646 278 687 nec
291 625 508 707 Melpomene,
530 626 614 705 quod
628 646 687 687 nec
702 626 905 708 Polyhymnia
917 630 1032 712 possit,

164 712 223 773 Nec
237 713 289 792 pio
304 731 372 772 cum
387 711 515 772 Phoebo
529 710 636 771 dicere
651 710 802 793 Calliope.
985 706 993 713 ’

129 796 201 875 lirgo
215 794 339 875 aliquod
355 800 475 875 gratnm
490 795 589 856 Musis
600 796 658 855 tibi
672 815 785 857 nomen
799 796 926 879 adoptat

99 888 125 941 10
164 881 226 941 Non
241 898 365 961 semper
377 876 462 941 belle
480 878 593 939 dicitur
609 879 858 960 „Hippodame.“

493 1012 608 1075 XXXII

130 1126 165 1186 iit
174 1125 250 1188 latet
264 1136 297 1190 et
309 1127 397 1189 lucet
410 1125 641 1189 Phaethontide
657 1125 782 1187 condita
796 1133 897 1206 gutta,

166 1212 205 1271 Ut
216 1211 357 1273 videatur
370 1213 436 1292 spis
450 1219 577 1272 nectare
593 1210 678 1271 clusa
693 1230 758 1272 sno.

131 1294 247 1373 Dignum
262 1302 419 1357 tantorum
433 1297 568 1377 pretium
584 1294 657 1355 tulit
670 1292 723 1354 illa
736 1292 894 1354 laborum:

167 1379 319 1441 Credibile
334 1388 384 1441 est
398 1382 497 1461 ipsum
512 1381 556 1439 sic
571 1377 706 1439 voluisse
721 1379 809 1439 mori.

484 1513 620 1575 XXXIII.

131 1622 216 1683 Plena
228 1622 376 1685 laboratis
393 1626 507 1686 hahens
522 1644 589 1685 cum
604 1626 717 1685 scrinio
729 1623 833 1705 libris,

167 1709 282 1769 hminis
298 1728 413 1789 quare,
435 1710 612 1786 Sosibione,
634 1708 736 1769 nihili

132 1791 244 1870 ,lident
257 1792 415 1853 heredes“
429 1795 532 1873 inquis
549 1811 637 1870 „mea
657 1793 824 1854 carmina.“
850 1791 1002 1870 Quando?

168 1876 296 1958 Tempus
311 1885 381 1938 erat
394 1880 454 1939 inm
468 1884 517 1957 te,
541 1877 719 1957 Sosibiane,
740 1877 813 1957 legi.

479 2012 618 2075 XXXIV.

34 2162 36 2199 f
134 2122 251 2186 Sordida
264 2146 332 2187 cum
349 2128 408 2189 tibi
423 2129 480 2206 sit,
501 2134 742 2206 verumtamen,
763 2125 887 2205 Attole,
909 2124 1002 2203 dixit,

34 2240 36 2257 2
169 2208 305 2291 Quisquis
320 2217 353 2272 te
366 2214 485 2273 niveam
501 2212 578 2271 dixit
591 2213 709 2273 habere
726 2220 837 2291 togam.

489 2345 615 2408 XXXV.

35 2460 36 2489 ;
134 2456 285 2520 Frontibus
302 2458 441 2520 adversis
454 2458 564 2521 molles
579 2478 768 2521 concurrere
781 2459 913 2520 dammas

37 3043 42 3196 i

170 2541 300 2604 Vidimus
317 2550 351 2604 et
363 2543 421 2603 fati
435 2551 519 2604 sorte
533 2545 637 2605 iacere
654 2545 731 2624 puri.

136 2622 307 2703 Spectavere
322 2645 414 2687 canes
427 2627 573 2708 praedam
588 2630 767 2707 stupuitque
782 2628 933 2709 superbus

170 2709 317 2790 Venator,
339 2708 441 2771 cultro
455 2710 502 2772 nil
515 2730 681 2793 superesse
694 2732 759 2775 suo.

113 2791 212 2853 5Unde
224 2793 306 2857 leves
323 2797 441 2856 animae
455 2802 542 2857 tanto
556 2794 681 2857 caluere
695 2795 825 2856 inroret

170 2877 218 2939 Sic
227 2888 362 2960 pugnant
376 2882 473 2959 tauri,
491 2881 536 2941 sic
551 2879 695 2941 cecidere
708 2880 776 2940 viri.

484 3028 623 3092 XXXVI.

138 3136 206 3199 (iona
219 3148 265 3203 est
278 3143 374 3204 barbo
388 3144 462 3223 tibi,
480 3145 569 3221 nigra
584 3149 633 3204 est
648 3162 748 3202 como:
770 3142 892 3220 tingere
908 3141 1035 3200 barbam

169 3222 229 3285 Non
241 3233 348 3307 potes,
370 3228 448 3289 hoec
463 3248 553 3289 causo
567 3232 631 3287 est:
654 3225 711 3287 sed
725 3230 832 3307 potes,
854 3225 929 3306 01e,
946 3244 1064 3287 comam

475 3361 628 3425 XXXVII.

137 3468 272 3542 „Centum
284 3476 425 3536 Coranus
439 3481 472 3536 et
488 3475 621 3538 ducenta
634 3477 813 3555 Mancinus,

138 3548 276 3619 Trecenta
291 3558 387 3620 debet
402 3560 520 3640 Titius,
542 3562 601 3621 hoc
618 3562 665 3623 bis
681 3559 828 3639 Albinus,
