2442 4209
298 347 636 411 EPIGRAMMATON
649 348 722 409 LlB.
738 346 802 412 Vll.

120 499 163 560 Ne
177 499 391 559 succensueris
405 498 488 560 uelut
503 502 648 582 superbo.

121 583 165 643 'l'e
179 603 237 663 pro
253 582 388 643 Caesare
403 582 502 643 debeo
517 603 644 663 rogare:

119 667 175 728 Pro
191 685 240 727 me
254 664 355 726 debeo
370 666 533 727 Caesarem
549 687 669 747 rogare.

512 829 589 890 LXI.

119 936 295 1000 Abstulerat
308 946 404 1023 totam
418 943 601 1004 temerarius
617 942 741 1001 institor
754 941 862 1002 urbem

156 1022 252 1100 Inque
267 1042 323 1083 suo
337 1023 456 1085 nullum
471 1024 578 1086 limine
591 1024 688 1085 limen
703 1030 780 1086 erat.
967 1089 971 1097 ,

118 1105 231 1165 Iussisti
246 1112 372 1187 tennes,
396 1110 595 1188 Germanice,
618 1126 761 1169 crescere
775 1109 874 1187 vicos,

154 1190 194 1249 Et
208 1189 301 1251 modo
319 1211 396 1271 qnae
410 1194 513 1254 fuerat
528 1194 653 1272 remita,
674 1193 755 1253 iacta
769 1192 816 1252 via
832 1200 889 1254 est.

100 1271 205 1336 bNulla
220 1278 371 1336 catenatis
383 1276 446 1357 pila
461 1286 514 1338 est*
523 1280 701 1358 praecincta
714 1275 849 1356 lagonis,

154 1356 362 1438 Nec-praetor
376 1360 477 1421 medio
494 1363 614 1439 cogitur
627 1363 675 1424 ire
689 1357 775 1434 lnto;

118 1440 285 1520 Stringitur
300 1444 333 1502 in
348 1443 443 1505 densa
458 1465 516 1505 nec
532 1463 622 1505 caeca
636 1442 782 1505 novacula
796 1446 902 1521 turba,

154 1524 292 1606 Occupat
305 1534 357 1588 aut
371 1536 451 1590 totas
466 1530 554 1608 nigra
569 1530 683 1608 popina
697 1529 769 1589 vias.

118 1609 257 1689 Tonsor,
279 1630 373 1693 copo,
395 1632 503 1691 cocus,
524 1612 623 1673 lanius
637 1631 690 1672 aua
703 1610 810 1671 limina
824 1618 957 1675 servant.

85 1702 110 1755 10
153 1692 241 1754 Nunc
254 1694 350 1755 Roma
366 1704 428 1776 est,
450 1715 549 1778 nuper
562 1715 670 1776 magna
684 1698 813 1756 taberna
827 1695 895 1755 fuit.

511 1857 601 1919 LXII.

115 1970 253 2031 Reclusis
268 1971 388 2031 foribus
403 1970 535 2050 granden
549 1971 702 2052 porcinis,
723 1968 856 2049 Amille,

152 2056 192 2115 Et
207 2061 241 2115 te
257 2053 427 2135 deprendi,
448 2076 515 2115 cnm
531 2049 607 2115 lacis
622 2057 698 2134 ista,
717 2056 820 2134 cupis,

114 2138 156 2199 Ne
172 2138 248 2218 qnid
261 2137 372 2199 liberti
385 2146 515 2200 narrent
533 2142 677 2218 servique
690 2140 813 2219 paterni

151 2224 192 2283 Et
210 2224 301 2303 niger
316 2220 442 2302 obliqua
456 2221 638 2302 garrulitate
652 2223 759 2287 cliens.

96 2306 178 2367 5Non
192 2306 351 2387 paedicari
366 2325 400 2366 ae
416 2309 467 2385 qui
482 2313 627 2386 testatur,
650 2304 778 2385 Amille,

153 2387 235 2449 Illud
250 2409 343 2471 saepe
358 2391 449 2470 facit,
472 2388 553 2470 quod
568 2393 636 2451 aine
651 2398 733 2452 teste
747 2391 830 2451 iacit.

492 2553 595 2614 LXlll.

112 2662 260 2743 Perpetui
274 2683 427 2743 nunqnam
442 2667 590 2726 moritura
605 2663 758 2725 volumina
773 2662 831 2723 Sili

24 2776 25 2779 ¹
153 2748 212 2823 Qui
227 2747 308 2827 legis
323 2756 355 2807 et
369 2747 456 2808 Latia
470 2751 604 2809 carmina
619 2747 710 2827 digna
722 2754 812 2825 toga,

115 2828 232 2891 Pierios
247 2837 365 2892 tanturn
380 2834 440 2892 vati
456 2830 610 2911 placuisse
625 2850 766 2891 recessus

24 2950 25 2987 2
153 2914 264 2976 Credis
280 2921 314 2997 et
328 2916 444 2976 Aoniae
459 2918 609 2975 Bacchica
624 2921 707 2975 serta
721 2914 847 2974 comae?

24 3050 25 3057 ,
94 2996 203 3058 bsacra
219 2999 395 3059 cothurnati
409 3018 472 3059 non
489 3001 591 3077 attigit
604 3005 676 3068 ante
690 2998 847 3074 Maronia,

155 3081 299 3162 implerit
313 3084 414 3161 magni
430 3094 518 3162 quum
533 3084 693 3144 Ciceronis
710 3100 793 3161 opus.

114 3166 201 3226 Hunc
216 3168 346 3226 miratur
362 3166 461 3227 adbuc
476 3173 598 3227 centurn
614 3167 714 3245 gravia
727 3167 815 3225 hasta
830 3166 982 3244 virorum,

152 3250 241 3310 llnnc
256 3248 394 3329 loquitur
409 3256 495 3329 grato
510 3250 659 3331 plurimus
675 3267 729 3310 ore
747 3247 855 3309 cliens.

112 3332 275 3414 Postquam
288 3335 433 3394 bissenis
448 3336 604 3412 ingentem
620 3334 754 3394 fascibus
769 3351 879 3391 annum

24 3414 25 3421 '
79 3424 107 3477 lo
149 3417 300 3495 ltexerat,
324 3425 441 3477 asserto
456 3419 508 3497 qul
523 3437 610 3478 sacer
626 3419 702 3477 orbe
714 3415 791 3494 fuit,

113 3500 266 3562 Emeritos
283 3500 382 3561 Musis
397 3507 430 3562 et
443 3502 571 3561 Phoebo
585 3497 715 3562 tradidit
730 3519 841 3577 annor,

152 3584 277 3665 Proque
294 3603 349 3646 suo
371 3584 509 3645 celebrat
522 3604 603 3645 nnnc
618 3582 769 3646 Helicona
783 3584 863 3643 foro.

1009 344 1070 410 loo
