2442 4209
132 365 196 429 338

456 365 501 427 Μ.
515 364 608 429 VAL.
624 365 854 427 MARTIALIS

517 569 651 633 CLXIV.
676 570 798 633 oona.

218 665 388 748 Splendida
403 686 472 728 cum
489 665 621 728 volitant
635 668 780 749 Spartani
794 666 936 749 pondera
951 665 1047 747 disci,

258 752 335 813 Este
348 752 475 833 procul,
496 754 602 832 pueri:
626 754 668 813 rit
688 750 787 813 semel
800 750 855 813 ille
869 770 997 813 nocens.

505 886 627 949 CLXV.
652 886 790 949 (littora.

216 981 367 1045 Reddidit
380 983 560 1064 Eurydicen
573 987 652 1045 vati:
674 984 731 1047 aed
744 983 885 1067 perdidit
899 986 979 1067 ipse,

259 1068 338 1129 lium
352 1069 412 1128 eibi
425 1087 489 1129 non
504 1067 623 1149 credit,
644 1088 703 1131 nec
717 1071 875 1150 patienter
888 1076 981 1131 amat.

532 1204 665 1267 CLXVI.
685 1204 782 1267 Idem.

218 1301 264 1361 De
278 1302 465 1383 Pompeiano
482 1322 575 1385 saepe
591 1310 641 1365 est
656 1305 757 1364 eiecta
770 1305 894 1365 theatro

260 1386 345 1463 Quae
360 1385 447 1448 duxit
461 1387 554 1449 silvas
564 1387 760 1467 detinuitque
774 1388 868 1447 feras.

485 1523 631 1586 CLXVII.
655 1522 822 1583 Plectrum.

215 1617 349 1679 Fervida
363 1639 403 1680 ne
418 1622 494 1681 trito
509 1619 699 1702 tibipollice
714 1617 825 1700 pusula
840 1626 961 1697 surgat,
1026 1653 1031 1663 ,

258 1703 397 1765 Exorent
412 1703 547 1767 docilem
561 1704 692 1766 candida
705 1701 827 1784 plectra
840 1701 948 1781 lyram.

498 1838 658 1901 CLXVIII.
686 1836 833 1899 liochoo.

216 1933 394 1997 Inducenda
405 1945 474 1998 rota
489 1945 552 1998 est:
574 1937 629 1998 das
643 1937 733 1997 nobis
749 1932 826 1995 utile
841 1956 957 1997 munna.

259 2019 321 2080 late
335 2023 463 2081 trochus
476 2024 599 2103 pueris,
622 2022 743 2082 etmihi
759 2021 888 2081 canthur
903 2023 972 2082 erit.

531 2156 663 2217 chix.
686 2155 782 2217 Idem.

217 2252 367 2315 Garrulus
381 2256 414 2314 in
427 2254 495 2316 lano
512 2276 567 2315 cur
583 2254 691 2315 anulus
705 2256 783 2315 orbe
798 2259 947 2337 vagatur?

133 2380 145 2390 ,
258 2338 358 2399 Cedat
371 2348 406 2401 nt
420 2341 535 2419 argutis
551 2341 639 2400 obvia
652 2340 744 2399 turba
755 2343 886 2401 trochis.

350 2474 468 2536 CLXX.
491 2472 626 2557 Signum
647 2474 801 2538 Victoriae
816 2496 955 2539 oureom.

118 2581 120 2585 ’
215 2576 301 2635 llaec
316 2574 365 2637 illi
380 2579 448 2637 aine
463 2583 548 2637 sorte
565 2576 671 2654 datur,
693 2578 742 2637 cni
756 2577 881 2637 nomina
894 2578 1024 2639 Rhenus

257 2661 342 2722 Vere
357 2659 454 2722 dedit.
483 2663 617 2723 Deciens
633 2660 711 2720 adde
726 2658 875 2740 Falerna,
896 2679 983 2742 puer.

364 2796 495 2857 CLXXI.
517 2789 672 2894 Βρούτου
688 2792 822 2867 παιδίον
826 2796 939 2875 fictile.
977 2836 992 2862 .

216 2896 325 2961 Gloria
338 2905 400 2959 tarn
415 2900 501 2980 parvi
516 2918 579 2959 non
593 2907 643 2960 eat
657 2901 786 2959 obscura
802 2895 912 2977 tigilli:

256 2983 348 3042 latina
361 2984 452 3063 pueri
467 2984 581 3043 Brutua
596 2989 713 3045 amator
728 2989 804 3043 erat.

355 3118 500 3180 chxu.
523 3114 738 3180 Sauroctonos
755 3116 945 3179 Corinthiun.

215 3216 266 3280 Ad
279 3224 312 3279 te
326 3220 481 3300 reptanti‚
502 3236 581 3298 puer
594 3218 762 3297 insidiose,
783 3217 921 3282 lacertae

255 3304 371 3380 l’arce3
392 3304 478 3385 cupit
492 3301 597 3381 digiti·
611 3301 665 3363 illa
680 3304 787 3384 perire
802 3307 874 3367 tuis.

309 3439 468 3504 CLXXIII.
492 3438 691 3520 Hyacinthos
707 3440 741 3499 ire
756 3440 866 3500 tetulo
879 3440 989 3521 pictur.

214 3540 331 3603 Flectit
346 3543 382 3602 ab
398 3542 497 3603 inviso
512 3542 676 3602 morientia
689 3538 806 3600 lumina
821 3537 907 3600 diaco

257 3623 420 3704 Oebalius,
442 3626 563 3686 Phoebi
578 3622 667 3705 culpa
682 3622 852 3703 dolorque,
872 3644 959 3705 puer.
