2442 4209
155 315 199 380 92
485 318 529 379 M.
546 316 639 381 VAL.
655 317 883 379 maurianis

240 470 375 533 Deciens
392 471 522 531 Sabinus
537 470 730 551 alterumque
747 471 918 548 Serranus,

240 555 287 618 Ex
301 554 411 616 insulis
424 555 591 636 fundisque
603 558 733 617 triciens
746 554 883 633 soldunr,

220 640 289 703 aux
302 658 418 720 pecore
433 641 567 701 redeunt
581 648 632 701 ter
648 641 766 701 ducena
780 639 942 700 Parmensi
948 639 982 699 s“

242 723 333 785 Totis
349 723 474 802 diebus,
496 724 590 802 Afer,
610 725 671 785 hcc
686 724 762 784 milri
775 742 883 782 narras

242 808 285 871 Et
298 813 392 869 teneo
409 808 519 870 melius
532 810 608 886 lata,
631 827 721 887 quam
740 826 841 867 meum
856 826 980 867 nomeu.

241 892 392 953 Numeres
408 898 533 975 oportet
550 889 687 972 aliquid,
709 897 744 951 ut
756 893 821 973 pati
832 893 964 972 possim:

243 974 437 1039 Cotidianam
450 978 546 1038 refice
562 993 706 1037 nauseam
721 976 861 1036 nummis.

200 1059 360 1124 lodudlre
375 1062 488 1140 gratis,
509 1061 605 1138 Aser,
627 1062 688 1120 ista
702 1079 763 1120 non
779 1078 913 1141 possum.

596 1222 763 1292 xxxviii.

242 1333 348 1414 Galla,
369 1353 462 1413 nega:
481 1336 609 1396 satiatur
623 1355 724 1413 amor,
746 1336 806 1395 nisi
820 1334 931 1415 gaudia
943 1341 1104 1415 torquent:

285 1419 350 1480 Sed
363 1417 430 1480 noli
445 1420 586 1497 nimium,
607 1419 715 1497 Galla,
737 1438 852 1499 negare
868 1420 929 1480 diu.

550 1548 553 1557 ¹
610 1586 749 1647 xuxur.

244 1700 375 1779 Argenti
391 1717 488 1778 genus
503 1718 594 1760 omne
610 1699 812 1779 comparasti,

242 1785 285 1847 ut
298 1782 381 1844 solua
396 1789 519 1843 veteres
534 1784 685 1863 Myronos
700 1789 799 1861 artes,

243 1865 336 1929 Solus
349 1866 524 1928 Praxitelus
538 1887 659 1928 manum
674 1867 870 1948 Scopaeque,

244 1950 336 2013 Solus
354 1950 494 2011 Phidiaci
507 1959 647 2012 toreuma
662 1950 758 2028 caeli,

221 2034 336 2099 osolus
350 2035 533 2095 Mentoreos
547 2037 643 2096 habes
657 2034 790 2097 labores.

242 2120 308 2180 Nec
325 2120 437 2180 desunt
449 2120 507 2179 tibi
521 2138 594 2181 vera
608 2120 771 2196 Gratiana,

242 2204 308 2264 Nec
323 2222 401 2284 quae
416 2202 552 2265 Callaico
564 2204 706 2264 linuntur
721 2221 812 2280 auro,

244 2288 310 2349 Nec
324 2289 440 2348 mensis
456 2289 619 2370 anaglypta
634 2288 673 2348 de
688 2287 836 2368 paternis.

243 2373 415 2451 Argentum
431 2380 534 2432 tamen
548 2374 633 2433 inter
649 2389 738 2432 omne
752 2372 865 2446 miror,

203 2457 345 2533 loQuare
360 2475 422 2518 uon
437 2457 567 2535 habeas,
590 2456 743 2531 Charine,
763 2473 884 2535 purum.

647 2618 710 2679 XL.

243 2731 331 2791 Atria
345 2729 491 2789 Pisonum
505 2729 630 2788 stabant
644 2748 712 2789 cum
729 2732 890 2787 stemmate
904 2731 972 2786 toto
1197 2723 1198 2774 l

203 2824 206 2828 '
285 2814 327 2875 ut
341 2812 425 2873 docti
441 2811 580 2871 Senecae
594 2818 645 2871 ter
662 2810 851 2871 numeranda
864 2810 990 2887 domus3

242 2894 450 2960 Praetulimus
465 2897 560 2956 tantis
575 2895 673 2956 solum
687 2902 739 2975 te,
759 2895 923 2972 Postume,
945 2896 1067 2974 reguis:

285 2984 409 3063 Pauper
424 3000 493 3041 eras
508 2986 542 3040 et
559 2998 673 3060 eques,
696 2979 752 3040 sed
767 2980 842 3039 mihi
861 2977 969 3039 consul
985 2998 1067 3039 eras.

223 3066 365 3129 sTecum
379 3072 431 3126 ter
445 3064 541 3126 denas
555 3066 732 3143 numeravi,
751 3065 914 3141 Postume,
936 3065 1079 3124 brumas:
1196 3087 1197 3096 ¹

286 3151 462 3211 Communis
476 3151 566 3210 nobis
580 3148 682 3209 lectus
694 3156 728 3210 et
740 3167 818 3209 uuus
831 3153 910 3211 erat.

242 3234 305 3295 lam
323 3234 438 3295 donare
454 3241 561 3316 potes,
583 3234 642 3293 iam
657 3233 793 3315 perdere
808 3230 920 3313 plenus
933 3233 1108 3310 honorum,

285 3318 403 3397 Largus
419 3338 526 3400 opum:
549 3326 698 3399 expecto,
719 3319 883 3395 Postume,
906 3315 982 3395 qnid
998 3316 1107 3377 facias.

133 3442 135 3449 ›
243 3401 401 3479 Niliacis,
424 3409 457 3462 et
470 3421 572 3463 serum
588 3410 638 3464 est
652 3401 745 3464 alium
758 3402 834 3461 mihi
849 3418 1002 3480 quaerere
1018 3418 1138 3480 regem

199 3498 235 3553 10
282 3488 368 3566 Hoc,
388 3488 544 3566 Fortuna,
565 3484 693 3569 placet?
719 3488 885 3547 Postumus
898 3485 1057 3566 imposuit.
