2442 4209
177 311 244 379 204
501 311 546 371 M.
562 308 655 372 VAL.
671 306 899 369 MARTIALIS

240 466 334 529 bNon
348 463 445 525 solam
460 464 570 523 tribuit
583 460 685 522 Pallas
699 461 773 535 tibi,
796 460 894 536 (lare,
916 478 1073 533 coronam,

305 549 449 627 Effigiem
467 547 600 623 domiui,
621 564 710 623 quam
727 542 820 620 colis,
842 540 898 602 illa
917 542 1013 604 dedit.

651 677 748 738 XXV.

261 796 393 855 Dantem
408 795 479 853 uina
492 800 575 853 tuum
593 794 736 872 quotiens
751 793 925 871 aspeximus
940 790 1079 870 Hyllum,

304 878 434 939 Lumine
446 896 518 956 nos,
540 877 634 953 Afer,
656 875 831 935 turbidiore
845 883 945 937 notas.
1043 878 1049 889 '

264 962 364 1041 Quod,
371 981 458 1041 rogo,
471 959 730 1039 quodscelusest,
743 958 869 1020 mollem
878 964 1022 1039 spectare
1029 956 1183 1019 ministrum!

305 1047 478 1126 Aspicimus
493 1043 606 1123 solem,
628 1043 750 1121 sidera,
772 1043 903 1124 templa,
926 1042 1011 1105 deos.

241 1130 411 1194 bAvertam
424 1127 542 1206 voltus,
558 1134 708 1207 tanquam
721 1128 798 1187 mihi
810 1126 923 1207 pocula
938 1127 1064 1205 Gorgon

305 1214 450 1292 Porrigat
464 1217 556 1291 atque
572 1211 681 1272 oculos
697 1230 814 1291 oraque
826 1218 935 1272 nostra
948 1212 1056 1292 petat?

263 1298 350 1358 Trux
364 1304 432 1357 erat
445 1294 587 1374 Alcides,
609 1304 643 1357 et
657 1294 761 1375 Hylan
776 1302 920 1375 spectare
934 1294 1066 1369 licebat;

304 1380 429 1441 Ludere
444 1380 604 1440 Mercurio
620 1400 689 1441 curn
704 1379 885 1459 Ganymede
903 1378 990 1440 licet.

263 1466 372 1526 Sinon
385 1466 432 1524 vis
446 1470 573 1525 moeros
588 1470 712 1544 spectet
725 1464 851 1535 convita
867 1465 1042 1542 ministros,

220 1561 254 1613 10
302 1548 435 1609 Phineas
448 1548 578 1627 invites,
599 1549 694 1626 Aser,
716 1554 750 1608 et
764 1547 950 1628 Oedipodas.

606 1748 613 1761 ‚
644 1682 753 1743 xxvr.

261 1794 365 1856 Audet
380 1794 512 1855 facundo
528 1797 581 1874 qui
597 1798 732 1856 carmina
746 1796 873 1857 mittere
888 1796 1028 1874 Neruae,

302 1878 424 1939 Pallida
438 1879 565 1940 donabit
578 1878 736 1958 gleucino,
758 1880 890 1958 cosme,
910 1881 987 1955 tibi;

141 2007 144 2013 ·
261 1964 412 2024 Paestano
426 1962 522 2023 violas
537 1969 570 2024 et
585 1983 661 2023 cana
672 1962 804 2042 ligustra
820 1962 949 2041 colono,
1108 1972 1111 1975 ’

226 2086 231 2103 .
302 2046 453 2127 Hyblaeis
468 2048 576 2127 apibus
592 2047 720 2108 Corsica
735 2045 831 2107 mella
847 2047 943 2109 dabit.
958 2084 1002 2093 -

240 2129 328 2193 bsed
342 2138 445 2191 tamen
460 2136 493 2190 et
506 2151 619 2211 parvae
634 2130 784 2191 nonnulla
796 2138 847 2191 est
860 2133 960 2210 gratia
974 2132 1095 2206 Musae;
1195 2157 1196 2162 ¹

304 2214 471 2295 Appetitur
484 2216 587 2293 posito
601 2214 673 2275 vilis
689 2215 769 2274 oliva
782 2213 875 2295 lupo;
1195 2215 1197 2240 ¹

260 2297 325 2358 Nec
341 2300 398 2358 tibi
413 2300 454 2358 sit
467 2298 596 2378 mirum,
618 2299 731 2359 modici
747 2299 831 2377 quod
847 2300 970 2359 conscia
983 2301 1058 2359 vatis

303 2377 451 2442 Iudicium
465 2385 576 2443 metuit
590 2390 698 2443 nostra
714 2381 826 2443 Thalia
840 2389 945 2462 tuum,
1193 2459 1194 2466 ἵ

259 2466 330 2546 lpse
344 2471 412 2527 tuas
428 2468 519 2526 ctiam
534 2469 653 2528 veritus
667 2467 750 2527 Nero
767 2465 881 2527 dicitur
895 2487 1002 2546 aures,
1099 2506 1104 2513 ·
1193 2469 1194 2502 l

219 2560 252 2612 lo
293 2550 452 2610 Lascivum
467 2551 585 2611 iuvenis
600 2571 668 2611 cum
684 2552 741 2611 tibi
754 2549 831 2611 lusit
847 2571 933 2633 opus.

635 2685 759 2746 XXVII.
1191 2712 1194 2766 ι

261 2798 337 2858 (lum
354 2795 524 2878 depilatus,
547 2800 700 2878 Chreste,
723 2799 828 2860 coleos
844 2809 951 2881 portes

259 2882 302 2941 nt
313 2880 469 2943 vulturino
484 2882 651 2944 mentulam
665 2903 774 2965 parem
789 2884 871 2945 collo
1191 2875 1193 2906 ¹

260 2966 302 3025 nt
314 2968 490 3046 prostitutis
506 2966 607 3027 levius
623 2976 716 3049 caput
730 2969 826 3047 culis,

259 3050 325 3111 Nec
339 3052 419 3111 vivat
434 3051 514 3113 ullus
528 3052 561 3111 in
575 3057 630 3112 tuo
645 3052 726 3133 pilus
741 3070 850 3129 crure,

238 3136 464 3215 bl’urgentque
480 3155 587 3197 saevae
604 3157 680 3197 caua
695 3136 782 3197 labra
796 3134 963 3211 volsellae3

261 3219 389 3296 Curios,
412 3220 576 3298 Camillos,
600 3222 758 3298 Quintius,
781 3222 911 3299 Numae,
933 3221 1052 3301 Ancus,

259 3304 302 3365 lot
318 3303 467 3384 quidquid
483 3302 761 3385 uuquam’lcgimus
775 3304 948 3387 pilosorum

260 3387 414 3466 Loqueris
431 3407 584 3468 sonasque
599 3389 767 3468 grandibus
785 3392 886 3451 minax
899 3393 1022 3469 verbis,

260 3472 304 3532 Et
320 3490 387 3531 cum
402 3472 535 3533 theatris
551 3473 736 3552 seculoque
745 3476 871 3543 rixaris.

218 3566 253 3618 10
262 3556 409 3616 Occurrit
422 3553 534 3633 aliquis
548 3557 632 3617 iirter
644 3559 703 3617 ista
715 3559 741 3618 ai
755 3557 904 3637 draucos,
