2442 4209
292 329 791 395 circumcisionum.
854 326 859 333 ⁴
1005 328 1068 399 217

149 488 311 549 Murmure
323 486 383 545 iam
398 504 489 546 saevo
503 486 747 563 verberibusque
762 492 861 550 touas.

91 572 188 636 5Tam
204 588 296 651 grave
310 571 468 652 percursis
482 568 646 631 incudibus
660 588 733 629 aera
746 569 915 649 resultant,

150 654 315 719 causidico
329 653 464 715 medium
480 674 547 714 cum
561 654 653 714 faber
666 659 751 734 aptat
765 672 892 733 equum:

109 742 218 803 Mitior
230 741 264 800 in
277 758 386 818 magno
404 738 519 799 clumor
532 738 610 800 furit
624 738 868 818 amphitheatro,

148 825 298 889 Vincenti
313 842 438 904 parmae
453 843 520 884 cum
536 843 590 884 rua
603 825 696 883 turba
708 823 801 884 favet.

110 912 212 975 Vicini
226 928 364 969 somnum
378 927 441 967 uon
455 915 521 969 tota
537 915 631 968 nocte
645 925 805 986 rogamus:

75 1007 102 1057 10
143 994 223 1057 Nam
237 992 365 1073 vigilare
380 993 449 1053 lere
465 1000 530 1072 est,
551 989 740 1073 pervigilare
756 1008 848 1071 grave
862 999 920 1057 est.

109 1076 283 1159 Discipulos
298 1076 419 1139 dimitte
434 1084 513 1138 tuor.
542 1076 615 1155 Vis,
638 1074 779 1157 garrule,
801 1083 946 1158 quantum

147 1163 275 1243 'Accipis
291 1169 326 1222 ut
343 1161 475 1241 clames,
498 1164 641 1243 accipere
655 1166 690 1221 ut
706 1166 832 1223 tacens?

494 1329 600 1391 LXIX.

110 1445 184 1506 (lum
201 1446 313 1523 futuis,
335 1442 554 1525 Polycharme,
577 1441 660 1505 soles
673 1444 706 1504 in
719 1444 781 1504 line
798 1463 914 1506 cacare.

151 1529 230 1591 Cum
245 1528 434 1609 predicaris,
457 1526 547 1607 quid,
568 1525 788 1608 Polycharmo,
808 1528 908 1589 iacis‘l

499 1690 591 1753 Lxx.
607 1660 610 1667 “

109 1808 237 1867 Dixerat
254 1825 294 1884 „o
308 1805 425 1867 mores!
448 1805 660 1885 otempora!“
690 1801 814 1865 'l'ullius
829 1804 921 1883 olim,

148 1889 342 1969 Sacrilegum
358 1896 497 1951 strueret
510 1908 577 1949 cum
594 1886 728 1951 Catilius
742 1889 845 1967 nefas,

108 1977 183 2037 Cum
198 1993 297 2053 gener,
312 1981 405 2053 utque
421 1990 511 2037 socer
526 1973 602 2034 diris
618 1981 822 2035 concurreret
833 1974 927 2034 aruris
967 1998 970 2003 ·

147 2061 333 2139 Maestaque
348 2057 431 2119 civili
446 2058 545 2120 caede
555 2056 698 2119 maderet
710 2058 828 2119 humus.
899 2118 903 2125 ,

89 2146 171 2206 ocur
185 2164 268 2205 nuuc
282 2163 323 2222 „o
335 2143 475 2204 mores!“
497 2163 552 2203 cur
568 2162 650 2203 nunc
664 2160 705 2221 „o
720 2142 894 2223 tempora!“
909 2140 1010 2203 dicisl

147 2227 240 2306 Quod
255 2230 311 2290 tibi
327 2247 388 2288 uou
402 2225 540 2308 placeat,
566 2224 759 2303 caeciliane,
779 2226 939 2305 quidest?

106 2313 195 2374 Nulla
212 2312 321 2373 ducum
336 2313 462 2391 ferites,
483 2311 569 2373 nulla
582 2318 633 2372 est
644 2312 765 2372 iusauia
776 2311 874 2386 ferri,

146 2398 230 2459 Pace
242 2398 307 2457 frui
321 2405 408 2459 certa
421 2396 602 2477 laetitiaque
616 2394 701 2457 licet.
817 2399 826 2415 ⁶

108 2481 175 2541 Non
190 2483 293 2542 nostri
307 2482 441 2559 iaciunt,
462 2482 521 2543 tibi
536 2480 619 2559 quod
633 2488 686 2542 tus
700 2487 843 2561 tempora
854 2477 1001 2559 sordent,

74 2574 101 2624 10
145 2566 211 2627 Sed
224 2566 342 2628 facium
356 2584 475 2645 mores,
498 2566 690 2643 caeciliane,
709 2566 765 2629 tui.

490 2733 596 2796 Lxxi

107 2845 235 2928 Massyli
247 2846 300 2909 leo
314 2846 395 2905 fama
406 2846 469 2926 iugi
482 2846 669 2929 pecorisque
682 2847 809 2909 maritus

144 2930 292 3011 Lanigeri
307 2932 414 2990 mirum
432 2950 491 3011 qua
506 2932 609 2991 coiere
624 2930 698 2993 ilde.

107 3016 174 3096 lpse
189 3015 268 3077 licet
280 3012 401 3094 videus,
424 3034 514 3075 cavea
527 3014 720 3074 stabulantur
734 3014 768 3071 iu
780 3032 841 3072 uua

19 3136 20 3148 κ
145 3101 187 3161 Et
201 3101 322 3181 pariter
336 3099 433 3159 socius
449 3098 548 3179 carpit
562 3106 696 3179 uterque
712 3096 823 3178 dapes·

19 3193 20 3209 ¹
88 3184 170 3245 5Nec
184 3185 254 3245 ictu
269 3201 431 3243 nemorum
444 3184 578 3262 gaudent
593 3202 652 3243 nec
665 3183 790 3244 mitibus
805 3178 930 3258 herbis,

19 3282 20 3305 ³
147 3265 342 3329 Concordem
356 3268 448 3328 satiat
462 3265 519 3327 sed
533 3265 620 3327 rudis
634 3284 712 3345 agua
726 3266 848 3327 iamem
909 3327 914 3336 ,

19 3422 20 3431 ¹
107 3352 184 3427 Quid
199 3353 315 3411 meruit
329 3358 434 3412 terror
449 3351 597 3428 Nemees,
621 3349 696 3430 quid
713 3348 856 3429 proditor
869 3344 999 3465 Helles,

19 3434 20 3439 ’
144 3436 188 3497 Ut
200 3438 322 3496 niteant
338 3433 414 3496 celsi
425 3433 531 3496 lucida
546 3437 632 3513 signa
646 3431 737 3515 poli.

107 3517 255 3579 Sidera
229 3538 256 3579 ιι
269 3526 398 3600 possent
411 3518 608 3600 pecudesque
623 3518 773 3596 feraeque
789 3518 921 3596 mereri,

20 3680 21 3685 η
73 3611 100 3662 to
144 3602 204 3663 Hic
220 3604 303 3663 aries
317 3603 425 3684 ostric,
446 3604 497 3665 hic
510 3601 562 3664 leo
582 3603 692 3683 diguus
707 3604 830 3665 erat.
