2442 4209
302 372 641 435 selensmmn'ron
654 373 730 437 Lus.
746 374 785 435 X.
880 320 884 327 Ι
1007 374 1069 439 2³7

158 530 249 591 Virus
264 527 327 587 erit
340 524 431 587 libris
447 525 498 604 qui
513 526 614 586 minor
629 543 700 586 eoae
714 527 837 587 triburi

119 615 156 675 ut
168 614 283 674 fatuam
296 629 413 671 summa
428 627 540 670 cenare
553 607 697 690 pelorida
711 628 817 670 mensa

85 707 113 760 lo
156 695 306 775 Quodque
319 694 399 773 tegit
413 691 473 753 levi
488 695 605 753 cortice
619 694 737 753 conclis
750 696 870 772 brevia,

120 782 226 842 Ostrea
239 779 364 840 Boionia
379 796 468 857 quom
484 796 546 837 non
559 777 688 838 liventia
702 778 808 856 teatio,

157 866 240 942 Quae
255 862 378 923 domino
392 861 558 941 puerinon
572 862 760 940 prohibente
773 864 906 924 vorent?

118 950 173 1009 llic
187 947 300 1007 olidam
312 943 464 1006 clmuosua
478 946 596 1023 egerin
610 946 690 1006 retia
705 945 825 1026 volpem

156 1030 377 1110 Mordebitque
390 1037 461 1089 tuos
476 1027 602 1089 sordida
614 1028 732 1109 praeda
744 1048 851 1092 erues:

85 1115 181 1179 lilllie
194 1118 316 1195 piscoso
330 1112 421 1174 modo
436 1112 486 1173 vix
505 1111 617 1173 educta
629 1113 784 1193 profundo

155 1197 328 1279 lmpedieut
341 1196 467 1279 lepores
482 1195 607 1256 humida
620 1196 685 1257 lino
698 1215 795 1262 meos.
808 1232 853 1247 ·-

119 1285 193 1345 lium
204 1281 333 1363 loquor,
356 1299 430 1341 eece
445 1279 529 1341 redit
545 1287 652 1361 sporta
665 1282 801 1362 piscator
814 1284 914 1360 inani,

157 1367 296 1431 Venator
311 1373 399 1446 capta
412 1362 512 1425 maele
528 1368 679 1445 superbus
693 1364 797 1427 odeat:

120 1452 223 1512 Omnis
238 1452 275 1512 ab
290 1451 407 1510 urbano
422 1448 508 1509 venit
523 1447 561 1508 ad
575 1468 660 1510 mare
675 1468 752 1510 eena
765 1449 906 1513 macello.

85 1542 114 1597 it
157 1533 322 1596 callaicum
337 1532 461 1593 mandas
476 1531 579 1610 siquid
594 1532 633 1592 ad
648 1534 830 1595 coemunt

473 1646 637 1709 XXXVlll.

121 1733 146 1793 0
160 1730 271 1792 molles
285 1733 343 1807 tilii
358 1730 551 1811 quindecim,
574 1731 707 1811 Calene,

122 1816 202 1892 Quos
218 1836 286 1877 oum
301 1814 437 1899 Sulpicia
452 1821 504 1875 tua
519 1813 636 1894 iugales

122 1898 251 1960 Indulsit
266 1898 390 1960 denset
405 1900 530 1980 peregit
544 1900 654 1960 annor!

121 1984 144 2044 0
159 2003 220 2045 nou
234 1985 331 2045 omnis
347 1983 486 2061 etima,
510 2002 587 2062 quae
602 1989 708 2044 notata
722 1989 771 2043 est
894 1981 898 1989 '

103 2068 208 2129 illaria
222 2064 326 2128 litoris
341 2066 438 2128 Indici
451 2065 582 2147 lapillis!

123 2152 146 2212 0
162 2170 241 2232 quae
255 2150 391 2233 praelia,
414 2170 488 2229 quar
502 2152 649 2229 utrinque
658 2170 779 2232 pugnas

120 2234 208 2296 Felix
224 2234 360 2298 lectulus
375 2240 408 2294 et
420 2234 549 2296 lucerne
562 2236 641 2295 vidit

121 2320 236 2381 Nimbis
251 2320 338 2379 ebria
352 2320 573 2380 Nicerotianis!
591 2348 595 2356 ¹

121 2404 232 2466 Vixisti
246 2404 363 2481 tribus,
387 2422 404 2463 ο
421 2402 554 2477 Calene,
574 2399 692 2462 lustris.

88 2488 210 2550 totietas
225 2489 303 2547 lmec
318 2488 375 2548 tibi
387 2494 452 2547 toto
468 2493 662 2567 computatur

120 2573 159 2632 lit
172 2569 257 2633 solos
271 2590 413 2631 numerus
428 2570 494 2631 dies
509 2571 621 2631 mariti.
728 2632 732 2636 ,

121 2657 164 2717 lin
177 2655 241 2717 illis
255 2656 313 2715 tibi
328 2656 356 2715 si
372 2653 424 2714 diu
439 2662 574 2734 rogatam

121 2740 233 2800 Lucem
248 2737 401 2800 redderet
415 2740 550 2819 Atropos
565 2736 615 2798 uel
630 2755 736 2813 unam,

27 2888 28 2893 ,
122 2822 250 2902 Molles,
272 2843 362 2903 quam
375 2821 493 2902 Pyliam
509 2828 619 2902 quoter
632 2826 797 2881 senectam.

125 3020 257 3081 Consule
272 3027 305 3081 te
319 3021 417 3080 Bruto
435 3018 518 3099 quod
532 3020 633 3095 iuras,
653 3016 783 3091 Lesbis,
803 3022 920 3091 natam,

161 3105 319 3169 Mentiris.
349 3103 427 3164 Nata
441 3122 492 3181 es,
512 3102 642 3178 Lesbia,
664 3119 740 3178 rege
753 3099 873 3161 Nums‘i

124 3186 173 3249 Sic
187 3207 310 3269 quoque
325 3188 476 3249 mentiris.
513 3186 668 3265 Namque,
690 3191 725 3244 ut
739 3191 791 3245 tua
804 3181 928 3245 saecula
941 3187 1079 3261 mmsnt,

162 3273 252 3334 Ficta
269 3272 457 3333 Prometheo
474 3271 588 3331 diceris
604 3286 673 3329 esse
686 3266 765 3329 luto.
790 3342 796 3352 .

531 3369 594 3429 XL.

124 3453 252 3539 Semper
269 3477 336 3519 eum
351 3456 427 3515 mihi
440 3454 598 3515 diceretur
613 3469 683 3512 esse

126 3539 254 3602 Secreto
270 3560 339 3601 mea
355 3537 441 3600 Polla
456 3558 524 3598 cum
538 3534 685 3613 cinaedo,

124 3621 239 3707 irrupi,
260 3623 358 3705 Lupe.
388 3622 457 3684 Non
471 3628 539 3683 erat
552 3618 710 3684 cinaedus.
