2442 4209
278 306 617 370 EPIGRAMMATON
629 307 702 369 LlB.
716 307 767 371 lv.
1002 306 1051 375 87

488 508 555 570 XV.

105 625 179 689 blille
195 627 254 688 tibi
268 644 406 685 nummos
421 625 569 686 hesterna
582 623 653 685 luce
668 623 788 701 roganti

137 712 165 771 lu
179 729 232 771 sex
247 715 298 771 aut
313 714 449 789 septem,
472 708 664 784 caeciliane,
683 705 767 786 dies,

104 796 181 875 „Non
194 794 317 856 habeo“
333 793 410 854 dixi:
432 790 489 853 sed
502 799 536 853 tu
551 792 692 853 causatus
706 791 795 851 amici

136 878 302 939 Adventum
315 877 434 938 lancem
449 895 606 957 paucaque
620 895 691 937 casa
702 894 802 954 rogas.

87 961 207 1025 bStultus
221 963 277 1023 es‘l
299 982 337 1023 an
353 959 481 1022 stultum
495 980 544 1021 me
561 959 680 1039 eredis,
703 958 822 1019 amice?
840 961 950 1039 negavi

136 1046 220 1109 Mille
234 1048 292 1108 tibi
306 1066 461 1127 nummos,
483 1044 568 1106 milia
584 1046 720 1125 quinque
735 1042 837 1104 dabo?

481 1180 561 1243 XVI.

106 1294 263 1373 Privignum
278 1314 340 1353 non
357 1311 426 1353 esse
442 1286 513 1353 tuae
527 1298 576 1369 te,
599 1288 705 1367 Galle,
726 1309 879 1352 novercae

136 1379 243 1439 llumor
259 1384 344 1455 erat,
367 1378 497 1437 coniunx
513 1374 583 1436 dum
598 1375 658 1434 luit
672 1372 727 1434 illa
740 1375 848 1455 patris.

105 1462 160 1521 Non
172 1467 274 1523 tamen
289 1464 349 1522 lroc
364 1468 488 1541 poterat
502 1462 568 1519 rivo
586 1458 729 1539 genitore
741 1460 877 1539 probari.

117 1544 191 1607 'lam
204 1566 352 1626 nusquam
367 1552 457 1625 pater
473 1550 539 1623 est,
560 1543 667 1621 Galle,
690 1561 823 1604 noverca
838 1542 921 1605 domi
936 1551 998 1605 est·

89 1631 219 1709 bllagnus
235 1633 272 1691 ab
290 1630 422 1689 infernis
437 1635 602 1690 revocetur
618 1626 740 1687 Tullius
755 1628 871 1688 umbris

136 1716 172 1775 Et
187 1723 218 1775 te
234 1713 383 1775 defendat
400 1713 535 1792 Regulus
549 1714 617 1793 ipse
631 1711 726 1788 licet,

104 1799 160 1858 Non
171 1807 258 1879 potes
273 1797 404 1859 absolvi:
428 1818 497 1856 num
514 1796 591 1877 qnae
607 1814 669 1855 non
686 1794 802 1855 desinit
816 1813 886 1854 esse

137 1884 204 1945 Post
220 1890 359 1965 patrem,
380 1902 551 1962 nunquam,
574 1878 682 1959 Galle,
701 1896 834 1939 noverca
848 1878 918 1943 fuit.

470 2015 564 2078 XVII.

104 2129 206 2190 Facere
220 2132 251 2190 in
266 2130 441 2209 Lyciscam,
460 2128 572 2207 Paule,
591 2148 640 2189 me
653 2129 742 2188 iubes
756 2146 879 2208 versus,

106 2216 206 2288 Quibus
220 2214 272 2275 illa
290 2214 382 2274 lectis
396 2215 505 2273 rubeat
521 2219 553 2272 et
567 2215 608 2274 sit
621 2215 710 2273 irata.

105 2297 241 2378 Ol’aule,
264 2298 359 2360 malus
374 2317 423 2359 es:
444 2299 595 2358 irrumare
610 2300 657 2357 vis
672 2296 766 2361 solus.

473 2445 580 2509 XVIll.

30 2592 31 2631 3
108 2560 164 2635 Qua
179 2562 272 2621 meina
285 2560 365 2641 pluit
379 2560 523 2641 Vipsanis
538 2565 630 2639 porta
644 2557 794 2621 columnis

30 2650 32 2727 ᾗ
140 2644 178 2703 lit
191 2644 289 2706 madet
303 2645 424 2706 assiduo
438 2643 575 2706 lubricus
588 2644 688 2704 imbre
701 2642 797 2725 lapis,

30 2728 31 2745 ¹
106 2726 134 2785 ln
150 2728 275 2807 iugulum
288 2731 396 2810 pueri,
418 2730 470 2809 qni
485 2727 607 2789 roscida
621 2733 705 2789 tecta
718 2730 857 2807 subibat,

142 2810 254 2874 Decidit
266 2815 398 2875 hiberno
414 2814 591 2894 praegravis
606 2812 689 2875 unda
703 2813 789 2893 gelu:

90 2895 230 2977 §Cumque
243 2899 417 2979 peregisset
429 2898 536 2958 miseri
552 2895 691 2957 crudelia
705 2898 786 2974 fatu,

146 2981 248 3043 'lubuit
262 2985 293 3043 in
310 2982 410 3043 calido
424 2980 554 3043 vulnere
568 3000 675 3042 mucro
689 2988 791 3042 tener.

110 3064 180 3141 Quid
190 3086 247 3127 non
260 3086 350 3129 saeva
364 3069 424 3128 sibi
438 3064 535 3127 voluit
549 3066 689 3127 Fortuna
703 3064 824 3126 licere?

145 3151 335 3213 Antoninon
349 3172 431 3214 mors
448 3157 511 3231 est,
532 3151 559 3211 si
573 3149 718 3230 iugulatis
733 3150 852 3230 aquae?

483 3286 563 3348 XIX.

109 3394 183 3457 Hanc
194 3400 247 3460 tibi
262 3400 451 3481 Sequanicae
465 3402 610 3481 pinguem
626 3399 766 3460 textricis
780 3396 964 3480 alumnam,

148 3482 219 3557 Quae
232 3484 508 3565 Lacedaemonium
522 3486 653 3545 barbara
666 3502 778 3543 nomen
794 3484 907 3560 babet,

113 3561 241 3649 Sordida,
263 3568 320 3630 sed
333 3569 436 3649 gelido
450 3589 513 3631 non
529 3566 723 3650 aspernanda
739 3565 908 3629 Decembri
