2442 4209
281 298 775 401 nr1anan1n1a'ronn1n.vr
991 328 1053 395 ιιι

118 489 163 551 llle
175 495 257 550 actus
269 506 327 566 pro
344 493 377 547 te
391 487 571 566 patriusque
587 484 664 565 qnid
677 490 766 564 optet
781 484 912 563 amiens,

151 567 256 653 Accipe
273 576 306 631 et
320 570 398 631 hacc
412 571 541 630 memori
557 576 688 650 pectore
701 574 773 629 vota
786 576 876 627 tenc:

101 660 199 720 scruta
212 658 253 717 sit
268 661 303 715 ut
316 655 430 731 virtus,
450 673 510 714 nec
524 658 556 713 tc
570 654 754 714 temerarios
768 650 861 712 aldor

149 742 178 802 lu
191 739 306 801 medios
321 757 411 802 enses
426 757 575 815 sacraque
590 735 656 798 tela
671 737 761 796 ferat.

29 896 31 901 ,
115 824 190 886 Bella
202 822 298 885 velint
311 823 508 902 Martemque
521 822 623 883 ferum
636 821 765 881 rationis
781 828 926 899 egentes,

29 902 31 943 ³
149 908 292 989 'lnpotes
310 913 344 968 et
356 908 453 988 patria
469 905 559 967 miles
574 914 607 967 et
622 923 691 965 esse
707 903 802 965 ducis.

477 1040 585 1103 XXVI.

114 1138 295 1201 Periclitatur
310 1140 410 1220 capite
426 1137 557 1199 Sotades
570 1145 689 1205 noster.

29 1240 30 1263 ι
115 1225 196 1285 Reum
211 1226 325 1305 putatia
340 1242 409 1283 esse
426 1221 585 1283 Sotaden?
607 1229 742 1283 nonest.

91 1300 95 1309 ’
113 1309 244 1387 Arrigere
259 1306 341 1372 desit
355 1326 447 1389 posse
463 1305 609 1367 Sotades:
631 1306 733 1387 lingit.

468 1440 598 1503 XXVII:

113 1538 156 1597 Bis
168 1538 260 1599 vicine
276 1538 380 1618 Nepos
395 1574 436 1586 -
449 1558 520 1598 narn
534 1544 568 1597 tu
583 1557 706 1618 quoqne
719 1539 857 1618 proxima
868 1537 982 1600 Florae

146 1622 248 1683 lncolia
263 1630 296 1683 et
310 1628 434 1683 veteres
451 1630 485 1683 tu
500 1628 623 1702 quoqne
636 1621 772 1683 Ficeliaa
786 1658 830 1667 —

30 1710 31 1775 j
113 1706 159 1766 naa
171 1708 239 1784 tibi,
261 1725 339 1786 quae
354 1708 454 1787 patria
473 1708 611 1785 signatur
629 1708 761 1786 imagine
773 1705 893 1785 roltua,

30 1783 31 1796 ¹
147 1789 243 1851 Testis
257 1797 416 1851 maternae
430 1790 691 1871 natapndicitiae.

97 1872 154 1933 ὁΤι
165 1882 264 1935 tamon
279 1894 395 1935 annoso
409 1876 535 1935 nimium
548 1894 589 1934 ne
602 1895 697 1955 parce
709 1874 861 1953 Falerno,

30 1976 31 1989 ¹
145 1959 294 2039 topatius
309 1956 420 2039 plenos
438 1978 510 2019 aere
529 1957 672 2038 relinque
688 1958 789 2019 cados.
819 1980 836 2006 ⁰

31 2082 32 2101 2
114 2040 152 2100 Sit
162 2044 226 2122 pia,
246 2044 287 2104 ait
301 2041 460 2123 locuples,
482 2042 539 2103 sed
554 2050 645 2123 potet
658 2043 723 2102 iilia
737 2044 885 2135 mnptnui:

31 2150 32 2159 ¹
144 2126 292 2205 Amphora
307 2148 375 2188 curu
391 2127 513 2187 domina
527 2147 608 2188 nunc
622 2147 700 2188 nora
713 2129 768 2187 ilat
782 2148 865 2190 auus.

111 2209 235 2271 Caecuba
249 2231 311 2271 non
325 2210 409 2273 solos
425 2210 579 2271 vindemia
592 2214 711 2272 nutriat
725 2214 832 2273 orbos:

80 2300 104 2353 lo
143 2294 267 2355 Possunt
282 2302 315 2355 et
330 2302 435 2375 patres
450 2296 572 2374 rivere,
585 2296 686 2365 ,crede
702 2297 785 2359 milri.

32 2414 33 2505 i
216 2420 283 2445 ’·
460 2430 595 2493 xxvrn.
716 2463 718 2466 -

32 2522 33 2529 ’
108 2524 240 2589 libertos
256 2528 399 2590 Melioris
413 2528 471 2591 ille
485 2537 592 2608 notus,

108 2608 177 2670 Tota
190 2612 242 2692 qul
256 2612 370 2674 cecidit
385 2612 509 2675 dolente
522 2614 635 2693 Roma,

106 2692 168 2755 llari
180 2694 310 2759 deliciae
325 2700 435 2759 breves
450 2702 590 2779 patroni,

32 2838 33 2863 3
105 2776 164 2838 Hoc
180 2783 234 2841 aab
249 2802 400 2843 marmore
417 2782 558 2844 Glaucias
572 2784 714 2843 humatus

32 2882 35 2916 ι
89 2860 199 2924 tlnucto
213 2864 383 2927 Flaminiae
398 2868 480 2927 iacet
494 2866 655 2947 sepulcro:

32 2994 33 3029 3
107 2946 205 3008 Castus
219 2951 373 3028 moribus,
394 2952 518 3031 integer
532 2950 669 3031 pudore,

32 3082 33 3123 p
107 3029 195 3093 Velox
208 3035 350 3113 ingenio,
372 3034 487 3096 decore
502 3035 586 3096 felix.

32 3126 33 3191 ζ
106 3114 152 3175 llis
164 3118 245 3177 senis
260 3118 350 3180 modo
366 3121 516 3181 mesraibu
533 3122 668 3200 peractis

32 3191 37 3281 l
104 3197 155 3261 vix
167 3220 259 3263 ιιιιιιιιι
273 3222 352 3283 puer
367 3202 541 3284 applicabat
555 3222 675 3265 annum.

76 3282 220 3359 loQuilles
233 3286 325 3366 talia,
346 3287 500 3366 uilicus,
522 3290 630 3349 viator.

476 3422 584 3484 XXIX.

103 3515 162 3577 Nou
176 3518 217 3580 de
232 3519 327 3601 plebe
342 3519 467 3601 domna,
488 3540 547 3582 nec
562 3541 669 3582 avarae
684 3500 944 3601 remoratum,

137 3604 196 3664 Sed
212 3603 328 3665 domini
341 3612 447 3667 sancto
466 3604 575 3686 dignus
591 3626 695 3668 amore
709 3626 803 3687 puer,
