2442 4209
147 323 192 388 44
467 320 512 385 Μ.
531 320 624 386 voh.
644 319 871 385 monimus

275 475 403 537 Assidet
421 479 453 535 ot
471 470 646 552 cathedris,
666 478 784 534 moestu
799 474 946 552 iuvenes,
967 475 1041 537 tuis.

232 559 310 620 inde
325 559 407 640 petit
421 564 545 619 eentum
558 556 730 640 pendentia
745 562 828 617 tecto
846 556 1012 638 columnis,

191 655 226 708 io
274 640 366 704 lIline
383 643 513 723 P'ompei
530 641 611 702 dono
625 655 796 720 nemusque
815 640 937 722 duplex.
973 672 977 683 ·
1106 656 1110 663 ‘

233 727 299 789 Neo
312 727 477 788 Fortunati
495 727 617 808 spernit
632 743 691 784 nee
709 722 822 784 balneo
836 725 962 803 Fausti,

274 810 339 872 Nee
358 808 461 891 Grylli
477 811 624 871 tenebras
641 805 845 889 Aeoliamque
861 808 959 890 Lupi:

231 896 309 957 Nom
324 897 423 957 ternis
440 895 553 955 iterum
569 892 701 953 thermis
717 894 893 972 iterumque
909 891 1039 957 lsvstor.

275 979 385 1041 Omnia
401 995 470 1038 eum
485 978 579 1055 feeit,
601 975 659 1037 sed
671 982 824 1037 renuente
842 976 918 1054 deo,

191 1063 326 1126 15Lotus
344 1061 383 1123 ad
399 1063 541 1142 Europes
558 1059 685 1142 tepidae
703 1062 816 1121 buxeto
833 1061 986 1140 recurrit,

277 1147 311 1209 Si
330 1148 398 1226 quis
412 1147 458 1207 ibi
476 1165 580 1207 serum
591 1152 698 1225 ess-pot
716 1146 830 1206 omieus
846 1145 919 1209 iter.

232 1231 296 1292 Per
312 1235 346 1290 te
363 1248 483 1311 perque
501 1236 601 1308 tuom,
621 1235 729 1290 veotor
746 1226 876 1308 lascivo,
897 1224 1051 1309 puellum,

275 1312 326 1374 Ad
346 1333 453 1375 cenom
471 1314 588 1377 Solium
606 1320 642 1374 tu
658 1331 752 1392 rogo,
773 1318 880 1391 iture,
900 1331 984 1373 voco.
1020 1319 1027 1325 “

639 1446 705 1510 XV.

234 1558 325 1637 Quod
340 1556 419 1619 nulli
438 1555 564 1618 eolioem
580 1564 665 1619 tuum
681 1559 846 1640 propinus,

233 1642 374 1704 Humone
390 1643 483 1721 iocis,
504 1641 641 1720 Hormo,
662 1662 726 1702 non
742 1645 887 1725 superbe.

633 1776 714 1841 xvi.

195 1951 209 1978 ·
234 1886 341 1949 Zoilus
359 1894 514 1967 aegrotet:
537 1888 655 1950 fuciunt
671 1889 750 1950 hune
770 1887 907 1969 stragulo
923 1888 1054 1950 febrem.

278 1971 311 2031 Si
329 1972 427 2032 fuerit
438 1992 545 2052 sunus,
567 1975 692 2034 coccino
710 1973 785 2053 quid
800 1973 940 2046 socient?

235 2054 318 2132 Quid
332 2061 419 2116 torus
434 2076 452 2115 o
466 2055 554 2136 Nilo,
577 2057 653 2137 quid
667 2058 783 2118 Sidone
797 2059 913 2119 tinctus
927 2053 1048 2118 olenti?

277 2137 424 2224 Ostendit
436 2139 545 2201 stultos
561 2140 635 2219 quid
649 2143 709 2202 nisi
723 2143 847 2202 morbus
862 2141 960 2224 opes?

213 2221 322 2300 equid
337 2224 396 2284 tibi
412 2243 479 2285 oum
493 2223 645 2286 medicis?
666 2225 788 2286 dimitte
800 2225 988 2287 Mochaonus
1002 2225 1126 2289 omnes.

277 2307 333 2367 Vis
342 2307 414 2367 fieri
428 2327 538 2388 sunus,
561 2306 697 2388 stragulo
710 2327 796 2370 sume
810 2328 887 2373 mes.

626 2443 719 2506 XVII.
851 2435 856 2442 ’

236 2551 385 2614 Tonstrix
400 2554 539 2615 Suburae
553 2554 693 2616 faucibus
708 2556 797 2616 sedet
811 2557 935 2636 primis,

178 2661 181 2665 ·
234 2635 372 2697 Cruento
385 2637 525 2718 pendent
540 2658 599 2718 qua
613 2637 736 2718 flogella
749 2645 902 2700 tortorum

234 2720 373 2800 Argique
388 2721 485 2783 letum
502 2721 619 2782 multus
636 2722 759 2784 obsidet
772 2729 868 2784 sutor.

234 2803 298 2864 Sed
310 2805 371 2866 isto
384 2806 534 2885 tonstrix‚
554 2807 729 2884 Ammiune,
751 2826 814 2868 non
828 2806 954 2887 tondet,

211 2887 304 2948 5Non
319 2888 447 2969 tondet,
468 2891 601 2968 inquom.
632 2890 713 2967 Quid
727 2892 821 2970 igitur
835 2892 932 2953 feeit?
959 2889 1064 2953 Redit.

614 3023 721 3087 xviii.

234 3135 332 3216 Copto
347 3143 445 3216 tuum,
466 3134 564 3218 pudet
578 3138 657 3215 heu,
680 3136 737 3198 sed
751 3145 857 3218 copto,
878 3138 1029 3218 Maxime,
1053 3157 1141 3201 oens

275 3219 325 3281 To
340 3227 445 3300 eaptus
462 3220 568 3282 ulium:
588 3222 649 3281 ium
666 3240 768 3282 sumum
782 3239 858 3300 ergo
874 3239 976 3303 peres.

230 3303 326 3365 Mune
341 3303 504 3384 salutatum
521 3306 628 3383 venio,
649 3313 684 3366 tu
700 3305 814 3366 diceris
829 3307 892 3366 isse

272 3390 356 3449 Ante
374 3388 554 3450 salutatum:
575 3391 636 3450 inm
649 3409 752 3450 sumus
766 3408 842 3469 ergo
857 3408 958 3470 peres.

208 3471 307 3534 osum
323 3490 426 3534 eomes
440 3474 509 3554 ipse
523 3482 593 3534 tuus
607 3473 779 3554 tumidique
795 3471 990 3535 anteambulo
1007 3475 1122 3557 regis,

274 3557 324 3618 Tu
339 3574 442 3618 comes
457 3555 600 3618 ulterius:
622 3560 682 3618 ium
700 3576 802 3619 sumus
817 3578 893 3638 ergo
907 3576 1008 3640 peres.
