2442 4209
484 366 528 427 M.
544 362 637 431 VAL.
652 365 880 427 MARTIALIS

601 570 765 632 LXXVIII.

242 687 326 762 Quos
342 689 473 764 cuperet
485 682 661 760 Phlegraea
675 702 747 741 suos
760 684 891 743 victoria
905 681 1009 760 ludos,

283 769 388 831 Indica
402 786 479 846 quos
495 773 627 847 cuperet
640 786 768 847 pompa,
788 767 909 846 Lyaec,
932 773 1015 844 tuos,

239 854 332 915 Fecit
346 852 547 933 Hyperborei
563 849 741 911 celebrator
755 850 856 911 Stella
870 852 1034 932 triumphi,

284 941 310 999 0
327 937 444 1018 pudor!
466 956 484 996 o
499 936 616 1017 pietas!
638 942 672 995 et
686 941 776 1014 putat
792 954 863 995 esse
877 955 995 1015 parum.

220 1024 311 1085 5Nori
326 1020 375 1082 illi
391 1022 465 1081 satis
485 1026 535 1080 est
548 1022 682 1085 turbato.
689 1018 835 1080 sordidus
849 1039 924 1080 auro

282 1109 417 1168 Hermus
433 1112 466 1165 et
479 1106 637 1183 Hesperio
653 1104 705 1182 qui
719 1109 810 1164 sonat
823 1106 900 1165 orbe
918 1104 1029 1183 Tagus.

242 1194 349 1253 Omnis
363 1192 459 1251 habet
473 1209 528 1248 sua
543 1188 628 1248 dona·
640 1187 726 1262 dics;
746 1208 806 1248 nec
819 1186 905 1249 linea
921 1188 1006 1249 dives

284 1279 412 1352 Cessat,
435 1280 468 1335 et
483 1274 516 1332 iu
531 1271 677 1352 populum
692 1271 788 1332 muita
802 1274 910 1354 rapina
924 1272 1015 1333 cadit.

240 1361 328 1422 Nunc
342 1360 471 1419 veniunt
487 1359 597 1418 subitis
611 1357 724 1417 lasciva
737 1358 918 1417 nomismata
933 1358 1058 1436 nimbis,

198 1457 232 1508 lo
280 1447 368 1506 Nunc
384 1443 436 1503 dat
451 1448 606 1523 spectatas
621 1450 742 1502 tessera
753 1440 842 1520 larga
853 1442 953 1519 ieras,

241 1531 327 1590 Nunc
341 1526 475 1609 implere
489 1528 574 1587 sinus
589 1545 716 1586 securos
731 1525 846 1604 gaudet
860 1532 893 1587 ot
907 1528 1017 1586 absens

284 1615 423 1674 Sortitur
440 1611 598 1688 dominos,
621 1628 662 1670 ue
678 1608 854 1689 laceretur,
876 1612 948 1671 aris.

242 1698 323 1776 Quid
336 1716 497 1757 numerem
513 1716 623 1756 currus
638 1703 688 1756 ter
703 1694 846 1773 denaque
861 1697 996 1774 praemia
1011 1695 1137 1775 palmae,

282 1784 367 1859 Quae
385 1781 459 1842 dare
475 1800 537 1841 nou
550 1798 677 1860 semper
691 1778 799 1839 consul
816 1787 947 1859 uterque
964 1778 1066 1840 soleti

199 1881 232 1933 15
240 1869 349 1929 Omnia
363 1865 434 1943 red,
457 1867 587 1943 Caesar,
606 1871 695 1924 tanto
709 1878 896 1944 superantur
907 1866 1044 1942 honore,

217 1966 220 1971 '
283 1950 374 2028 Quod
389 1957 597 2031 spectatorem
612 1956 646 2009 te
660 1956 714 2008 tua
726 1947 831 2008 laurus
845 1948 948 2011 habet.

608 2075 746 2138 LXXIX.

244 2177 358 2237 Omnes
374 2182 426 2235 aut
441 2171 561 2233 vetulas
576 2175 674 2234 habes
689 2176 817 2252 amicas,

133 2302 137 2311 ·
239 2262 302 2320 Aut
317 2267 424 2340 turpes
438 2256 614 2338 vetulisque
631 2257 799 2319 foediores.

239 2346 303 2406 Has
319 2344 406 2404 ducis
420 2344 548 2404 comites
565 2344 726 2421 trahisque
740 2350 842 2403 tecum

238 2429 302 2489 Per
318 2428 470 2505 convivia,
493 2428 648 2505 porticus,
670 2428 801 2488 theatra.

241 2514 292 2573 Sic
307 2513 458 2590 formosa,
479 2509 625 2585 Fabulla,
647 2512 692 2570 sic
706 2509 811 2591 puella
825 2530 868 2573 es.

614 2638 735 2699 LXXX.

241 2738 424 2799 Sanctorum
440 2738 530 2797 nobis
545 2736 695 2797 miracula
709 2736 816 2798 reddis
831 2757 972 2815 avorum,

284 2822 347 2881 Nec
361 2822 495 2901 pateris,
519 2821 651 2897 Caesar,
674 2820 796 2899 saecula
811 2841 887 2881 cana
901 2823 997 2900 mori,
1096 2852 1102 2864 ·

241 2907 318 2971 Cum
333 2912 458 2966 veteres
472 2905 580 2965 Latiae
596 2908 676 2965 ritus
691 2913 879 2967 renovantur
893 2907 1032 2966 harenae

281 2991 324 3050 Et
338 2997 456 3070 pugnet
470 2991 567 3050 virtus
582 2988 774 3070 simpliciore
788 3010 888 3051 manu.

242 3075 293 3134 Sic
307 3075 420 3155 priscis
435 3080 574 3136 serratus
587 3075 688 3134 honos
704 3083 736 3134 tc
750 3073 896 3155 praeside
909 3073 1053 3154 templis,

283 3160 324 3218 nt
340 3177 409 3219 casa
426 3168 489 3221 tam
503 3157 586 3219 culto
603 3160 659 3217 sub
675 3159 746 3219 iove
760 3178 873 3218 numen
890 3160 1001 3233 habet3

243 3242 295 3302 Sic
311 3261 390 3303 nova
404 3243 475 3304 dum
492 3242 619 3320 condis,
640 3260 786 3321 revocas,
808 3245 965 3323 Auguste,
984 3242 1105 3323 priora:
1191 3267 1193 3294 ι

283 3327 445 3388 Debentur
462 3346 540 3407 quae
555 3334 628 3387 sunt
646 3346 788 3407 quaeque
803 3328 894 3389 iuere
908 3328 976 3389 tibi.

608 3438 745 3503 LXXXI.

146 3519 149 3527 ¹
239 3537 309 3599 Non
325 3555 384 3617 per
398 3538 526 3615 mystica
541 3556 629 3597 sacra
643 3536 869 3617 Dindymenes,
929 3541 935 3551 '

239 3622 305 3681 Nec
316 3638 375 3700 per
388 3618 526 3679 Niliacae
540 3622 650 3680 bovem
663 3622 829 3700 iuvencae,
889 3693 893 3700 b
