2442 4209
291 345 631 409 EPIGRAMMATON
644 346 719 408 bili.
735 346 786 408 XI.
1001 342 1065 409 250

90 500 236 563 bliemaui
252 494 347 559 de'cur
363 504 397 558 et
411 495 503 558 dolor
517 499 634 559 theatri

109 586 207 664 Atque
224 601 331 645 omnes
345 582 488 646 Veneres
504 582 737 663 Cupidinesque

13 708 14 715 κ
109 670 173 729 Hoc
192 674 264 729 sunt
280 665 420 746 condita,
445 687 505 748 quo
518 668 623 746 Paris,
646 666 799 748 sepulcro.

501 802 582 865 xiv.

13 970 14 983 ,
107 916 265 996 Heredes,
285 914 384 978 nolite
402 919 528 978 brevem
546 914 684 997 sepelire
700 914 861 978 colonum:

13 1012 14 1015 ’
146 1003 220 1064 Nam
233 1010 320 1062 terra
333 1007 382 1062 est
398 999 446 1061 illi
461 998 731 1082 quantulacunque
746 1002 855 1081 gravis

504 1136 572 1201 XV.

106 1250 181 1311 Sunt
195 1250 321 1311 chartae
337 1250 430 1327 mihi,
454 1268 528 1328 quas
543 1250 669 1310 Catonis
683 1268 761 1309 uxor

104 1335 144 1395 Et
158 1353 232 1414 quas
246 1331 415 1395 horribiles
428 1333 534 1413 legant
549 1333 691 1397 Sabinae.

105 1420 163 1479 iiic
178 1424 264 1478 totus
276 1416 348 1479 volo
364 1416 466 1479 rideat
479 1416 607 1479 libellus
727 1443 737 1453 »

104 1503 143 1563 Et
158 1504 199 1563 sit
214 1504 346 1582 nequior
363 1502 502 1563 omnibus
516 1499 654 1578 libellis,

87 1587 167 1663 soni
182 1587 251 1647 vino
266 1584 388 1647 madeat
401 1604 460 1648 nec
474 1588 639 1646 erubescat

105 1671 214 1749 Pingui
231 1668 376 1731 sordidus
390 1690 460 1731 esse
478 1671 652 1733 Cosmiano.

104 1754 204 1815 Ludat
219 1774 287 1816 cum
302 1756 425 1837 pueris,
447 1762 530 1816 amet
545 1752 685 1835 puellas3

104 1840 167 1900 Nec
179 1858 239 1920 per
254 1841 400 1901 circuitus
414 1838 559 1919 loquatur
573 1835 675 1917 illam,

104 1925 148 1986 Ex
164 1943 225 2005 qua
239 1926 408 2003 nascimur,
432 1924 565 1985 omnium
580 1929 760 2003 parentem,
778 1948 782 1955 ·

72 2019 98 2071 10
104 2010 197 2086 Quam
212 2015 336 2069 sauctus
349 2008 446 2069 Numa
461 2005 629 2069 mentulam
643 2007 780 2069 vocabat.

105 2094 220 2156 Versus
239 2093 297 2153 hos
311 2100 415 2154 tamen
429 2110 500 2154 esse
513 2099 549 2155 tu
561 2097 717 2153 memento

105 2174 343 2257 Saturnalicios,
364 2175 563 2258 Apollinaris.

107 2263 213 2323 Mores
228 2281 291 2323 non
308 2263 404 2323 babet
418 2263 470 2322 hic
484 2279 570 2321 meos
583 2258 721 2321 libellus.

505 2410 586 2475 XVI.

107 2525 161 2602 Qui
177 2524 279 2605 mavia
295 2542 329 2584 es
343 2524 487 2603 nimium,
510 2531 600 2605 potes
614 2524 688 2583 binc
704 2524 782 2604 iam,
803 2522 923 2604 lector,
945 2526 1032 2588 abire

144 2610 213 2686 Quo
227 2606 320 2668 libet:
342 2608 479 2669 urbanae
493 2610 673 2689 scrIpsimos
686 2607 747 2668 ista
760 2614 861 2687 togae.

105 2694 176 2755 Nam
193 2711 265 2753 mea
276 2692 457 2774 Lampsacio
471 2689 595 2753 lasciuit
606 2692 718 2773 pagiua
731 2711 823 2754 uersu
913 2700 917 2707 '

143 2778 184 2839 Et
199 2776 400 2855 Tartessiaca
415 2783 584 2858 concrepat
597 2794 670 2837 aera
683 2796 782 2838 manu.

107 2862 130 2922 0
146 2861 292 2943 quotiens
308 2859 409 2941 rigida
422 2859 560 2942 pulsabis
573 2858 669 2941 pallia
682 2879 777 2939 vena,

145 2947 195 3007 Sis
212 2946 335 3025 gravior
351 2946 446 3007 Gurio
460 2945 669 3026 Fabricioque
682 2941 775 3005 licet!

17 3028 18 3101 l
107 3031 153 3091 Tu
168 3047 294 3111 quoque
309 3031 464 3109 nequitias
478 3031 579 3091 nostri
592 3028 743 3110 lususque
756 3027 860 3091 libelli

17 3106 18 3117 ¹
144 3115 215 3178 Ucia
229 3112 336 3195 puella
348 3112 451 3193 legas,
471 3116 513 3175 sis
527 3114 674 3176 Patavina
687 3114 772 3175 licet.

16 3228 17 3281 p
105 3200 238 3261 Erubuit
250 3198 416 3279 posuitque
430 3218 531 3261 meum
545 3199 693 3261 Lucretia
705 3197 837 3273 librum;

16 3288 17 3313 ¹
73 3292 100 3345 10
144 3283 209 3346 Seri
225 3302 329 3343 coram
342 3282 457 3359 Bruto3
476 3284 589 3363 Brute,
611 3281 742 3345 recede:
763 3281 860 3361 leget.

496 3417 592 3481 XVII.

106 3532 171 3595 Non
185 3532 287 3594 omnis
300 3534 401 3594 nostri
415 3540 566 3594 nocturna
580 3539 631 3594 est
643 3533 755 3613 psgiua
768 3529 858 3593 libri:

17 3636 18 3675 ι
146 3616 290 3680 iuvenies
305 3624 340 3677 et
354 3615 436 3698 quod
450 3636 557 3697 mane,
580 3617 711 3696 Sabine,
731 3616 827 3695 legas.

793 3696 915 3761 lli·
1002 3687 1006 3695 ’
