2442 4209
164 323 222 387 loe
489 322 535 387 M.
551 324 644 387 VAL.
659 325 885 388 mannonis

246 474 311 537 Sed
323 473 430 538 lancea
445 476 526 536 ierat
541 482 575 537 et
590 478 722 557 scyphos
737 498 860 539 avorum
982 495 987 501 ·

227 559 313 621 odut
327 557 453 639 grundio
468 578 540 621 reno
555 566 607 620 aut
620 566 732 640 poteua
747 564 878 641 amicae,
917 564 923 575 ¹

247 642 310 703 Seu
325 642 408 722 quod
421 649 453 704 te
467 645 571 725 potina
586 645 670 704 iuvat
683 645 836 725 capitque.

245 727 297 787 Sic
310 728 413 787 viucan
427 727 618 808 Noviumque
631 726 835 807 Publiumque

246 809 387 872 Mandris
404 818 437 873 et
450 813 550 872 vitreo
564 810 688 871 latrone
700 809 820 887 cluaor3

211 908 215 913 ’
245 894 297 955 Sic
311 892 445 975 palmam
458 894 515 956 tibi
531 894 572 955 de
586 896 709 973 trigone
722 894 806 956 nudo

208 988 237 1041 {0
243 978 363 1039 Unctae
378 978 433 1039 det
447 978 534 1039 favor
550 979 668 1039 arbiter
682 998 832 1058 coronae,

245 1062 310 1123 Nec
324 1060 433 1122 laudet
445 1059 558 1141 Polybi
571 1063 667 1141 magio
680 1063 834 1123 sinistras:

245 1144 278 1207 Si
294 1147 453 1225 quiequam
468 1164 536 1205 mea
551 1145 666 1206 dixerit
680 1145 831 1226 moIIgnua

244 1229 322 1289 Atro
339 1231 473 1290 carmina
488 1248 565 1309 quac
580 1229 706 1289 madent
718 1248 857 1308 veneno,

244 1314 289 1375 Ut
302 1330 407 1375 vocem
422 1314 497 1374 mlhi
513 1311 688 1374 commodes
700 1320 879 1394 patronam,

204 1397 284 1458 15Et
297 1402 442 1476 quantum
456 1398 591 1479 poteria,
613 1396 669 1457 aed
684 1416 797 1476 noque,
815 1395 946 1457 clamem

244 1479 334 1559 „Nou
349 1482 475 1562 scripsit
489 1499 575 1542 meur
589 1483 648 1542 iaia
662 1480 851 1543 Martialis.“

616 1643 748 1704 LXXIII.

244 1752 391 1832 quniIiis
406 1753 513 1814 domur
528 1760 592 1833 eat,
614 1752 721 1815 domna
735 1762 784 1815 eoi
797 1756 857 1816 tibi
870 1753 952 1816 colle
966 1753 1074 1815 Dianae

286 1838 328 1899 Et
341 1845 394 1898 tua
407 1839 555 1918 patricius
571 1836 704 1899 culmIna
719 1840 803 1900 vicus
817 1840 928 1899 habet:

243 1922 326 1982 Hinc
341 1921 449 1983 viduae
464 1919 615 2002 Cybelei,
634 1921 720 1982 illinc
735 1924 869 1983 sacraria
882 1923 1014 1996 Venire,

287 2004 361 2066 Inde
376 2024 502 2084 novum,
523 2011 661 2067 veterem
676 2007 829 2088 prospicis
842 2005 916 2066 iude
930 2006 1040 2083 lovem,

221 2087 318 2166 anic,
339 2090 392 2149 ubi
410 2091 604 2168 conveniam,
625 2089 691 2167 dic,
714 2109 773 2170 qua
785 2096 819 2150 te
833 2095 922 2171 parte
937 2088 1102 2168 requiram:

286 2172 432 2253 Quinquio
446 2174 560 2252 ubique
580 2174 715 2252 habitui,
737 2172 888 2253 Maxime,
909 2192 1057 2253 nunquam
1069 2170 1168 2231 habitat

610 2335 746 2399 LXXIV.

244 2444 390 2528 Cyllenea
405 2444 546 2526 caelique
562 2445 673 2527 decue,
693 2448 826 2510 facunde
841 2452 999 2527 minister,

286 2531 390 2592 Aurea
405 2532 454 2592 cui
468 2536 552 2591 torto
568 2533 653 2611 virga
668 2532 802 2595 dracone
815 2536 909 2595 viret:
1016 2600 1025 2614 .

244 2613 295 2675 Sic
311 2616 368 2676 tibi
382 2614 489 2676 larcin
503 2634 565 2675 nou
579 2613 662 2676 derit
677 2618 765 2698 copia
780 2619 873 2697 furti,

284 2697 355 2759 Siva
373 2699 458 2779 cana
472 2698 629 2779 Paphien,
650 2718 705 2761 reu
720 2701 901 2781 Ganymede
915 2698 1014 2774 caleo;

222 2782 470 2863 oMaieruaeqne
485 2784 580 2843 sacrIa
595 2789 746 2844 ornentur
763 2784 927 2846 frondibus
940 2782 1012 2844 Idua

285 2866 327 2927 Et
342 2868 446 2927 oenior
460 2885 553 2947 parca
567 2865 651 2935 mole
665 2875 825 2947 prematur
841 2889 928 2931 arur:

203 2974 204 2979 ¹
242 2951 333 3011 Hunc
349 2967 472 3032 oempcr
486 2951 630 3011 Norbana
645 2950 727 3011 diem
742 2972 810 3013 cnm
825 2955 954 3032 coniuge
969 2950 1073 3033 carpo

284 3034 381 3095 Laeta
395 3033 491 3113 colat,
514 3034 622 3115 primis
637 3055 697 3114 quo
714 3037 818 3097 coiere
834 3038 921 3098 toris.

242 3119 303 3179 Hic
317 3120 385 3198 pius
400 3119 529 3179 antistes
546 3119 673 3199 sophiae
686 3139 741 3179 oua
754 3120 835 3182 dona
848 3122 1020 3197 ministrat,

201 3212 235 3265 10
283 3202 343 3261 Hic
357 3208 389 3263 ie
403 3207 474 3263 turc
489 3208 594 3280 vocat,
615 3201 695 3262 fidus
711 3209 744 3263 et
756 3204 823 3285 ipae
838 3204 911 3268 lori.

616 3363 740 3426 LXXV.

242 3474 299 3536 Vis
312 3444 393 3536 futui
408 3476 520 3555 graiis,
543 3495 611 3536 curn
626 3478 669 3537 oia
684 3474 833 3537 deformis
846 3494 989 3555 anusque.

284 3558 347 3619 Rea
360 3556 552 3640 perridicula
567 3566 631 3620 cot:
652 3561 697 3620 vin
716 3560 806 3640 dare,
828 3580 887 3622 nec
901 3559 976 3622 dare
986 3559 1043 3619 vie.

1179 1069 1182 1234 i

1181 1273 1183 1424 i
