2442 4209
139 336 198 400 102
460 336 504 398 Μ.
522 336 614 399 VAL.
631 337 856 399 Marinianis

589 540 722 602 LXXllL

220 653 297 714 Cum
313 651 414 731 gravis
432 658 585 713 extremas
597 653 747 715 Vestinus
763 651 894 715 duceret
907 655 1000 716 horas

261 736 304 797 nt
317 737 379 795 iam
393 754 452 815 per
467 735 589 816 Stygias
604 741 689 799 esset
702 738 802 797 iturus
817 757 927 816 squas,

220 819 337 881 Ultima
351 818 513 881 volventes
527 822 626 881 oravit
639 839 738 902 pensa
751 840 894 900 soreres,

257 904 306 966 Ut
320 905 484 965 traherent
497 924 591 985 parve
604 906 735 966 stamine
747 904 833 986 pulla
846 926 939 968 marr.

199 987 284 1051 5lam
302 989 360 1049 sibi
377 987 541 1049 defunctus
558 991 638 1049 caris
653 988 726 1049 dum
738 991 813 1050 vivit
826 991 946 1069 amicis,

263 1073 430 1133 Moverunt
442 1075 570 1133 tetricas
584 1078 647 1133 tarn
660 1074 713 1153 pia
725 1079 796 1134 vota
809 1073 892 1135 deas.

224 1156 313 1217 'func
326 1157 428 1236 largas
441 1158 574 1237 partitus
590 1176 665 1237 opes
681 1179 699 1217 a
714 1156 787 1217 lnce
801 1159 933 1219 recessit

264 1240 367 1319 Seque
383 1242 461 1301 mori
476 1242 621 1322 posthoc
636 1240 772 1302 credidit
784 1240 839 1304 ille
855 1260 970 1303 senem.
987 1236 994 1259 ⁸

594 1403 729 1466 LXXIV.

224 1519 361 1599 Aspicis,
380 1515 524 1577 imbelles
536 1524 692 1599 temptent
709 1539 798 1599 quarn
812 1520 908 1579 fortia
922 1518 1065 1581 dammae

266 1601 412 1663 Praeliai
434 1607 497 1661 tam
511 1601 629 1663 timidis
645 1610 758 1682 quanta
772 1606 813 1664 sit
825 1604 873 1663 ira
887 1604 987 1665 feris?

223 1687 257 1748 ln
272 1694 403 1747 mortem
417 1688 519 1767 pervia
534 1705 723 1747 concurrere
737 1688 893 1748 frontibus
909 1686 1029 1750 ardent.

265 1771 336 1849 Vis,
359 1771 490 1847 caesar,
514 1770 641 1831 dammis
654 1773 808 1852 parcere?
829 1772 919 1832 mitte
935 1789 1039 1834 canes.

600 1934 723 1997 LXXV.

225 2049 251 2109 0
266 2046 344 2107 felix
359 2048 475 2125 animo,
497 2046 588 2125 felix,
603 2048 753 2126 Nigrina,
774 2049 884 2108 marito

265 2132 369 2210 Atque
383 2132 467 2191 inter
481 2131 584 2191 Latias
598 2131 696 2209 gloria
708 2134 808 2212 prima
821 2150 933 2193 nurus:

226 2216 274 2275 Te
288 2216 405 2295 patrios
420 2216 552 2275 minnere
565 2216 649 2275 iuvat
664 2236 731 2277 cum
747 2219 877 2295 coniuge
889 2233 1020 2294 census,

268 2296 462 2361 Gaudentem
476 2300 559 2359 socio
574 2300 781 2380 participique
794 2302 871 2361 viro.
894 2338 897 2346 ,

203 2383 352 2444 5Arserit
366 2382 515 2444 Euhadne
529 2384 659 2443 flammis
672 2385 787 2445 iniecta
799 2385 920 2462 mariti,

266 2467 332 2528 Nec
347 2468 448 2527 rniucr
464 2464 607 2527 Alcestin
620 2468 701 2528 fama
716 2470 772 2529 snb
787 2474 870 2529 astra
882 2469 981 2528 ferat:

226 2552 276 2613 Τιι
291 2550 418 2612 melius:
440 2557 527 2612 certo
544 2550 685 2612 meruisti
703 2554 833 2633 pignore
847 2553 946 2630 vitae,

267 2636 310 2697 Ut
324 2637 382 2697 tibi
396 2655 458 2695 non
473 2642 557 2695 esset
572 2644 673 2698 morte
686 2636 863 2719 probandus
871 2656 970 2697 amm.

597 2786 734 2849 Lxxvr.

226 2899 315 2960 Milia
329 2898 440 2959 misisti
452 2898 528 2957 mihi
542 2899 658 2959 serbis
671 2917 746 2959 sena
759 2867 911 2979 petentis

266 2982 312 3097 lit
326 2983 373 3043 bis
388 2982 590 3060 munierum,
612 2983 661 3042 bis
677 2982 818 3044 duodena
833 2988 944 3062 petam.

590 3146 741 3210 LXXVII.

228 3260 388 3340 Nunquam
402 3260 524 3322 divitias
539 3260 615 3322 deor
628 3263 734 3340 rogavi

228 3344 400 3405 contentus
415 3344 543 3406 medicis
556 3364 688 3424 meoque
702 3343 811 3405 laetus.

227 3428 414 3509 Paupertas,
435 3430 554 3490 veniam
569 3429 672 3507 dabis,
693 3427 817 3490 recede.

228 3512 389 3574 causaest
406 3531 483 3592 quae
499 3514 591 3574 subiti
606 3516 739 3593 novique
754 3513 839 3573 voti‘t

206 3596 421 3659 51'endentem
435 3595 505 3656 volo
521 3596 645 3658 Zoilum
658 3597 774 3659 videre.
