2442 4209
178 332 240 398 188
504 336 548 398 Μ.
565 336 657 399 VAL.
673 336 901 398 MARTIALIS

200 558 204 565 ¹
262 488 354 548 Hunc
369 507 428 548 nec
442 489 613 567 Cinyphius
628 495 737 548 tonsor
751 488 932 569 violaverit,
947 497 981 551 et
994 499 1026 552 tu

304 572 373 652 lpse
388 579 442 631 tua
455 574 540 651 pasci
555 574 635 650 vite,
656 573 777 652 Lyaeo,
799 572 888 635 velis.

263 655 367 733 Terga
379 658 496 735 premit
510 657 639 736 pecudis
654 658 784 735 geminis
800 659 897 717 Amor
912 676 1021 718 aureus
1035 658 1085 718 alis

303 737 461 799 Palladius
476 740 685 801 tenerolotos
701 742 738 800 ab
757 759 812 801 ore
829 748 928 802 sonat.

219 822 312 887 leie
325 824 547 904 Methymnaeo
563 827 681 903 gavisus
695 827 813 886 Arione
829 826 959 907 delphin

302 907 460 987 Languida
473 928 535 968 non
550 912 676 969 tacitum
690 929 750 990 per
763 911 847 971 freta
861 912 946 971 vexit
961 929 1043 970 onus.
1086 946 1093 961 ι

259 992 378 1053 Imbuat
392 994 551 1072 egregium
568 993 662 1072 digno
676 995 751 1054 mihi
767 1002 896 1056 nectare
910 1013 1016 1054 munus

302 1074 372 1136 Non
389 1096 484 1156 grege
503 1076 543 1137 de
560 1076 692 1156 domini,
713 1077 770 1138 sed
784 1085 853 1156 tua,
876 1081 988 1156 Ceste,
1009 1095 1105 1137 manus

261 1161 373 1239 ceste,
396 1160 491 1222 decus
507 1181 649 1240 mensae,
670 1163 766 1223 misce
780 1162 905 1223 Setina:
925 1161 1047 1222 videtur

217 1251 253 1305 20
301 1245 371 1326 lpse
386 1266 465 1325 puer
479 1247 586 1325 nobis,
604 1248 673 1327 ipse
688 1247 778 1307 sitire
796 1266 899 1327 caper.

259 1329 322 1389 Det
335 1349 496 1391 numerum
511 1332 630 1409 cyathis
645 1331 776 1391 Instanti
788 1329 899 1391 littera
913 1330 997 1391 Ruil:

302 1415 420 1474 Auctor
435 1417 517 1475 enim
531 1417 611 1475 tanti
628 1416 766 1475 muneris
782 1414 839 1475 ille
856 1417 940 1475 mihi.

260 1498 294 1557 Si
309 1497 482 1559 Telethusa
496 1501 581 1559 venit
594 1501 807 1579 promissaque
823 1499 933 1578 gaudia
946 1504 1065 1579 portat,

304 1581 457 1644 Servabor
472 1584 630 1662 dominae,
649 1585 749 1661 Rufe,
769 1586 888 1644 triente
904 1591 974 1658 tuo;

217 1664 293 1727 susi
309 1664 400 1727 dubia
416 1674 482 1746 est,
504 1674 654 1749 septunce
667 1670 791 1745 trahar3
812 1670 840 1728 si
853 1667 938 1728 fallit
954 1672 1102 1728 amantem

301 1750 345 1811 Ut
359 1750 495 1830 iugulem
511 1772 616 1831 curas,
638 1773 752 1813 nomen
764 1759 930 1832 utrumque
943 1753 1054 1813 bibam.

667 1898 729 1959 Lll.

260 2006 432 2068 Tonsorem
447 2027 593 2088 puerum,
616 2008 673 2070 sed
687 2018 755 2071 arte
769 2009 880 2089 talem,

258 2090 364 2167 Qualis
378 2110 436 2151 nec
453 2092 620 2154 Thalamus
636 2095 696 2153 fuit
710 2096 861 2174 Neronis,

258 2177 427 2236 Drusormn
445 2180 493 2235 eui
509 2179 669 2257 contigere
685 2180 816 2257 barbae,
916 2184 922 2195 '

259 2258 444 2339 Aequandas
460 2259 558 2321 semel
575 2262 615 2321 ad
630 2281 724 2341 genas
739 2271 864 2342 rogatus

237 2344 357 2421 obuio,
380 2342 583 2422 Caedicium,
606 2346 804 2407 commodavi.

258 2428 335 2487 llum
351 2428 452 2487 iussus
466 2432 585 2508 repetit
599 2429 679 2511 pilos
694 2430 837 2508 eosdem,

258 2512 398 2571 censura
410 2511 530 2591 speculi
545 2534 665 2590 manum
680 2520 828 2593 regente,

256 2596 465 2676 Expingitque
481 2604 583 2657 cutem
596 2599 735 2677 facitque
749 2598 872 2678 longam

258 2681 404 2740 Detonsis
419 2682 645 2761 epaphaeresin
660 2682 798 2764 cupillis,

216 2764 405 2827 loBurbstus
420 2766 496 2825 mihi
509 2773 617 2827 tonsor
632 2773 681 2828 est
692 2785 846 2830 reversus.

658 2896 733 2958 Llll.

257 3008 492 3072 Formosissima
507 3029 585 3091 quse
599 3011 689 3071 fuere
703 3010 754 3071 vel
768 3018 856 3089 suut,

259 3091 323 3151 Sed
337 3094 484 3156 vilissima
500 3114 578 3175 qnae
592 3094 682 3170 fuere
697 3096 747 3155 vel
762 3101 850 3173 sunt,

258 3175 285 3235 0
301 3197 390 3255 quam
406 3186 439 3240 te
453 3181 540 3256 fieri,
564 3178 703 3258 catulla,
725 3179 838 3240 vellem

255 3260 435 3323 Formosam
451 3265 568 3342 minus,
591 3270 642 3323 aut
656 3265 752 3343 magis
767 3263 925 3346 pudicuml

658 3392 735 3454 Lrv.

256 3504 371 3581 Magna
386 3504 463 3566 licet
476 3507 592 3565 totiens
607 3507 745 3583 tribuas,
766 3506 882 3565 maiora
896 3504 1022 3565 daturus

299 3588 403 3668 Dona,
424 3589 536 3649 ducum
552 3590 669 3669 victor,
691 3590 791 3650 vietor
808 3591 922 3677 etipse
936 3589 998 3665 tui,
