2442 4209
157 298 220 361 200
479 298 524 359 Μ.
540 296 633 360 VAL.
649 298 877 358 MARTlALlS
994 390 1003 409 .

639 500 717 563 Vlll.

242 614 401 694 Tanuum
416 634 510 693 perra
526 614 610 674 toret
626 631 717 673 sexus
730 613 845 672 iniuria
859 614 958 685 nostri

282 695 468 758 Foedandos
482 697 597 778 populo
612 698 812 777 prostituisse
826 714 946 774 mores,

240 783 302 843 lum
318 800 414 841 cunue
430 780 554 842 lenonis
566 788 673 859 erunt,
695 787 730 841 ut
743 782 781 841 ub
795 781 894 841 ubere
911 787 1016 861 ruptus

284 864 417 926 Sordide
431 866 534 944 vagitu
550 872 698 946 posceret
712 884 786 925 uero
799 883 888 945 puer.

221 951 406 1012 olmmsturo
420 948 533 1009 dubunt
545 948 687 1010 infundes
703 968 836 1029 corpore
850 967 975 1028 poenus.

282 1032 351 1094 Non
365 1032 438 1093 tulit
453 1034 606 1093 Ausonius
619 1032 693 1094 tulin
707 1039 847 1093 monstro
860 1038 968 1112 puter,
1182 1035 1184 1100 i

239 1117 325 1179 Idem
341 1118 394 1196 qui
409 1118 528 1177 teneris
542 1136 644 1197 nuper
657 1118 813 1178 succurrit
825 1116 972 1196 ephebis,
1183 1123 1185 1188 l

282 1201 329 1261 Ne
341 1202 463 1261 luceret
478 1200 605 1262 steriles
620 1220 710 1262 suevs
723 1199 823 1261 libido
837 1201 930 1260 viros.
1184 1211 1186 1264 l

241 1284 387 1345 Dilexere
403 1286 489 1365 prius
503 1288 594 1365 pueri
608 1288 799 1365 iuvenesque
813 1301 983 1361 senesque,
1185 1297 1187 1350 l

200 1380 235 1432 10
284 1371 326 1429 At
339 1387 420 1429 nunc
435 1369 569 1431 insontes
582 1377 616 1430 te
632 1388 772 1449 quoque,
795 1369 926 1446 (leesor,
948 1372 1053 1426 emunt.
1186 1385 1188 1428 l

650 1503 701 1566 lx.
762 1570 767 1578 ‚

240 1613 292 1676 Nil
306 1616 364 1675 tibi
377 1612 493 1694 legeuit
505 1616 637 1692 Folius,
659 1614 842 1694 Blthynice‚
864 1614 913 1672 cui
929 1620 963 1672 tu

282 1699 408 1775 Annus,
429 1700 455 1758 si
472 1700 613 1777 memini,
634 1698 718 1758 milio
732 1716 807 1758 sens
822 1696 923 1756 dubus.

240 1780 315 1843 Plus
330 1782 407 1843 nulli
422 1781 510 1844 dedit
523 1782 596 1843 ille:
619 1783 724 1862 queri,
743 1781 926 1861 Bithynice,
944 1777 1026 1841 nolis

282 1868 391 1928 Annus
403 1864 519 1947 legavit
533 1865 619 1927 milis
634 1885 708 1926 sena
722 1868 788 1927 tihi.

658 2000 696 2060 x.

133 2190 136 2201 q
242 2116 360 2195 Genes,
382 2117 554 2195 cantharo,
577 2136 646 2178 cum
660 2117 738 2177 ioris
750 2114 906 2194 libenter,

242 2199 361 2261 Cleonas
375 2207 408 2260 et
423 2199 582 2261 maledicis
597 2207 631 2261 et
645 2200 779 2261 mineris.
806 2216 810 2224 ’

240 2284 384 2364 Deponas
400 2286 516 2346 unimos
531 2293 654 2363 truces,
675 2304 847 2345 monemus:

241 2367 337 2428 Liber
350 2388 414 2428 nou
427 2376 518 2449 potes
536 2376 569 2431 et
582 2368 708 2451 gulosus
723 2388 803 2432 esse:

654 2504 706 2567 xl.

239 2618 359 2679 Nomen
374 2639 440 2680 curn
456 2618 544 2681 violis
559 2623 702 2700 rosisque
718 2628 837 2699 uotum,

242 2704 309 2779 Quo
323 2723 395 2784 pars
414 2706 529 2784 optimu
542 2707 717 2766 nominetur
730 2708 819 2783 unni,

241 2787 373 2867 Hyblam
390 2787 473 2866 quod
487 2790 567 2869 sopit
580 2791 764 2870 Atticosque
779 2791 895 2867 liores,

242 2871 331 2950 Quod
345 2871 435 2932 nidos
451 2871 515 2934 olet
529 2871 611 2934 olitis
626 2876 796 2954 superbue3

219 2956 364 3020 5Nomen
377 2963 504 3018 nectare
521 2955 642 3019 dulcius
658 2960 767 3036 beato,

242 3042 309 3117 Quo
324 3040 429 3103 mullet
444 3041 578 3122 Cybeles
595 3061 674 3122 puer
690 3044 793 3103 vocari

241 3126 283 3185 lut
298 3126 351 3204 qui
364 3124 474 3206 poculo
488 3133 644 3207 temperet
658 3126 809 3188 Tonanti:
919 3122 921 3126 ’

239 3208 330 3286 Quod
347 3211 372 3269 si
384 3209 549 3271 Porrhusiu
562 3230 655 3271 sones
670 3212 701 3270 in
718 3211 801 3287 sule,

241 3292 444 3374 Respondent
456 3294 598 3357 Veneres
617 3294 867 3376 Cupidinesque3

200 3378 360 3442 10Nomen
375 3378 497 3456 nobile',
519 3378 632 3455 molle,
655 3378 819 3439 delicatum

242 3463 345 3526 Versu
361 3461 466 3523 dicere
482 3481 543 3523 non
559 3461 629 3523 rudi
644 3462 798 3524 volebam:

244 3546 307 3608 Sed
321 3554 355 3608 tu
371 3544 490 3627 syllaba
505 3554 666 3608 contumax
679 3564 842 3628 repugnes.
