2442 4209
127 349 192 414 aaa
454 351 498 413 rr.
513 350 607 414 vnn.
624 352 849 415 nnnrnnrs
899 308 902 315 Δ

459 553 537 618 civ.
558 551 838 619 Sanescs'm'variue.

211 654 384 715 Attenuare
396 653 483 715 nives
498 659 613 714 norunt
628 658 661 714 et
674 652 773 716 lintea
786 662 908 715 nonna:

252 735 412 815 Frigidior
428 736 498 798 colo
512 755 575 797 non
588 738 661 799 salit
675 738 756 800 unda
769 745 832 800 tuo.

424 871 489 934 GV.
517 868 643 933 Urceoli
652 873 877 933 ministratorii.

211 969 340 1048 Frigida
354 989 415 1030 nnn
429 969 528 1047 desii,
548 989 610 1030 non
625 970 730 1031 deerit
743 968 831 1030 ealda
844 973 979 1050 petenti.
1005 954 1010 963 ⁵

253 1053 317 1115 Sed
330 1061 364 1115 tn
380 1072 502 1114 morosa
513 1051 626 1160 ludere
640 1073 736 1135 parce
751 1056 813 1117 siti.

479 1187 557 1251 cvi.
583 1186 700 1250 ihesus
704 1188 826 1268 statilia

210 1287 271 1348 iiic
285 1287 346 1347 tibi
360 1286 492 1348 donatur
508 1286 610 1367 panda
624 1288 721 1348 ruber
736 1306 847 1347 arcens
862 1306 944 1347 ansa.

254 1370 376 1432 Stoicus
389 1371 449 1431 hoc
465 1370 599 1449 gelidam
610 1371 731 1432 Fronto
742 1372 872 1453 petebat
887 1390 1007 1451 aquam.

525 1504 616 1568 cvll.
641 1504 777 1566 Calathi.

209 1604 273 1665 Nos
286 1603 405 1683 Satyri,
427 1622 485 1663 nos
497 1604 637 1665 Bacchus
652 1612 746 1683 amat,
768 1624 824 1665 nos
839 1605 926 1665 ebria
940 1605 1054 1685 tigris,

251 1686 399 1749 Perfusos
407 1686 529 1747 domini
542 1686 682 1749 lambere
698 1688 789 1750 docta
801 1687 909 1770 pedes.

422 1820 527 1884 cviii.
553 1821 673 1885 Onliaer
686 1823 867 1907 Saguntini.
924 1882 927 1889 .

209 1923 294 2000 Quae
309 1941 372 1982 non
387 1916 541 1981 sollicitus
556 1926 663 1982 teneat
680 1928 845 2000 servetque
860 1922 1024 2002 minister,

254 2006 348 2067 Sume
362 2004 531 2085 Saguntino
545 2004 658 2086 poeula
674 2006 756 2067 iacta
769 2005 845 2067 into.

449 2141 526 2202 cix.
553 2140 674 2203 Calices
687 2143 846 2223 gemmati.

210 2238 403 2300 Gemmatum
418 2238 574 2319 Scythicis
588 2245 623 2299 nt
635 2237 740 2299 luceat
753 2239 877 2317 ignibus
893 2260 1018 2320 aarum,

252 2324 377 2405 Aspice.
408 2323 492 2400 Quot
505 2322 620 2403 digitos
636 2325 720 2383 exuit
733 2323 794 2383 iste
810 2322 903 2384 salix!
946 2397 948 2405 Α

308 2456 314 2466 ’
445 2458 522 2519 ·CX.
545 2459 698 2541 Ampulla
706 2460 844 2540 potoria.

209 2558 276 2618 Hae
288 2555 366 2619 lieet
380 2559 414 2619 in
428 2576 562 2637 gemma,
586 2566 689 2618 servat
704 2576 781 2638 qnae
796 2558 920 2617 nomina
933 2557 1059 2636 Cosmi,

249 2642 436 2721 Luxuriese,
456 2642 559 2720 bibas,
582 2644 609 2701 si
624 2640 732 2703 foliata
748 2642 827 2701 sitis.

493 2774 569 2836 cxi.
595 2774 797 2855 Crystallina.

206 2876 366 2956 Frangere
381 2873 452 2934 dnm
467 2875 594 2950 metuis,
617 2874 743 2951 franges
758 2870 953 2951 crystallina:
974 2878 1109 2951 peceant

251 2960 385 3022 Securae
400 2959 525 3018 nimium
540 2956 757 3036 sollicitaeque
772 2975 887 3017 manns.

463 3092 554 3153 cxfl.
576 3087 706 3152 Nimbus
719 3093 830 3151 vitem.

206 3196 318 3259 diove
335 3194 387 3275 qni
402 3193 523 3270 veniet,
546 3189 703 3252 miscenda
718 3190 756 3251 ad
769 3188 881 3272 pocula
894 3189 995 3269 largas

245 3279 373 3345 Fundet
387 3279 508 3338 nimbus
523 3296 633 3356 aqnasz
654 3275 706 3335 hie
722 3277 781 3336 tibi
796 3276 864 3335 vina
880 3273 976 3335 dabit.

505 3411 610 3473 cxlii.
634 3412 785 3474 Murrina.

203 3521 238 3584 Si
252 3516 374 3580 caldum
388 3520 495 3598 potas,
513 3512 637 3575 ardenti
650 3530 753 3572 murra
766 3508 902 3571 Falerno

247 3603 401 3668 Convenit
415 3606 448 3660 et
462 3596 572 3659 meiior
586 3599 622 3657 iit
637 3593 816 3676 superinde
829 3611 925 3653 mero.
