2442 4209
267 383 269 387 ·
345 353 686 414 EPIGRAMMA'I'ON
700 355 773 416 Llli.
791 356 811 417 Ι.
1057 353 1099 420 lt
1190 405 1196 415 .

117 497 210 558 bNou
225 504 355 577 possunt
368 501 435 558 siue
448 498 585 560 mentula
601 499 736 580 placere.

138 580 222 658 Quid
236 583 263 641 si
277 601 326 642 me
339 584 446 643 iubeas
460 583 658 644 talassionem
724 579 728 584 ’

136 667 255 729 Verbis
268 666 374 726 dicere
388 687 451 727 non
465 665 664 728 ulasasloui?

9 755 10 760 ’
137 751 216 827 Quis
231 748 369 811 Floralia
383 753 479 812 restit
491 759 525 811 et
539 752 684 813 stolatum

135 835 299 895 Permittit
311 837 529 896 meretricibus
542 835 719 916 pudorem?

95 919 203 981 ltiLex
216 919 294 978 baec
308 921 494 980 carminibus
508 918 579 979 data
593 927 643 980 est
658 923 784 1002 iocoaIs,

135 1004 187 1063 Ne
201 1005 337 1083 possint,
359 1005 420 1064 nisi
434 1005 593 1084 pruriant,
615 1005 729 1066 iuvare.

136 1089 243 1164 Quare
257 1086 400 1168 deposita
418 1090 586 1149 severitate

134 1172 252 1232 Parcas
265 1171 384 1233 lusibus
399 1177 432 1232 et
445 1175 522 1232 iocis
538 1191 696 1252 rogamus,

133 1257 203 1316 Nec
219 1264 354 1317 castrare
372 1257 448 1317 velis
464 1276 549 1318 meos
563 1256 697 1318 libellos.

94 1352 125 1404 15
133 1339 227 1402 Gallo
242 1343 362 1421 turpius
377 1347 426 1402 est
439 1339 519 1400 nihil
532 1342 656 1421 Priapo.

510 1491 648 1554 XXXVI.

134 1619 191 1696 Si,
213 1618 354 1696 Lucane,
375 1619 432 1678 tibi
447 1617 498 1679 vel
513 1621 538 1679 si
552 1623 627 1700 tibi,
651 1619 763 1702 Tulle,
785 1615 934 1684 darentur

141 1719 146 1724 ·
181 1701 290 1778 Qualia
304 1701 422 1762 Ledaei
436 1703 500 1764 sata
513 1703 654 1766 Lacones
667 1708 800 1785 babent,
863 1707 866 1713 ’

132 1785 258 1848 Nobilis
272 1788 350 1846 haec
366 1793 450 1847 esset
463 1789 589 1868 pietatis
605 1792 670 1850 rixa
685 1790 820 1868 duobus,

180 1869 271 1947 Quod
285 1891 342 1951 pro
360 1872 458 1932 fratre
473 1874 551 1932 mori
567 1873 664 1958 vellet
676 1883 808 1954 uterque
825 1876 927 1955 prior,

112 1957 270 2018 5Diceret
283 1957 422 2016 infernas
437 1959 536 2037 etqui
550 1959 638 2037 prior
654 1961 732 2020 isset
746 1958 784 2019 ad
798 1959 936 2018 umbras:

179 2041 281 2118 „Vive
295 2047 367 2119 tuo,
388 2041 502 2120 frater,
521 2048 680 2123 tempore,
701 2046 769 2104 vive
783 2043 885 2106 meo.“

505 2189 657 2253 XXXVll.

140 2303 275 2368 Ventris
291 2321 367 2361 onus
381 2303 512 2382 misero,
533 2321 592 2363 nec
606 2310 639 2364 te
652 2304 767 2385 pudet,
789 2305 905 2386 excipis
920 2321 1011 2381 auro,

180 2389 292 2463 Basse,
314 2387 395 2446 bibis
408 2388 504 2448 vitro:
527 2389 628 2448 carius
643 2407 717 2469 ergo
733 2409 828 2450 cacas.

500 2535 665 2598 xxxviii.

134 2663 238 2739 Quem
253 2663 368 2722 recitas
380 2680 466 2722 mens
482 2665 547 2739 est,
565 2683 583 2721 o
597 2660 780 2742 Fidentine,
801 2660 943 2723 libellus:

182 2745 246 2806 Sed
260 2744 343 2806 mole
358 2765 425 2806 cum
443 2745 573 2823 recitas,
594 2748 705 2827 incipit
719 2765 787 2807 esse
801 2754 881 2807 tuus.

509 2893 646 2956 xxxix.

134 3009 170 3070 Si
189 3011 256 3088 quis
271 3011 335 3070 erit
349 3029 436 3070 raros
453 3011 537 3070 inter
551 3009 758 3070 numerandus
773 3011 901 3088 amicos,

181 3093 297 3170 Quales
312 3095 414 3174 prisca
430 3093 509 3154 fides
522 3094 664 3172 famaque
680 3095 765 3154 novit
779 3112 869 3173 anus,

131 3178 169 3238 Si
187 3180 254 3257 quia
267 3179 439 3260 Cecropiae
453 3177 591 3239 madidus
605 3178 773 3257 Latiaeque
784 3178 945 3240 Minervae

178 3263 309 3323 Artibus
324 3269 358 3323 et
370 3282 443 3324 vera
456 3261 656 3343 simplicitate
671 3265 785 3340 bonus,

9 3359 10 3374 ¹
115 3347 178 3410 osi
196 3349 263 3426 quis
279 3349 343 3408 erit
356 3349 437 3406 recti
452 3353 570 3423 eustos,
592 3347 720 3407 mirator
736 3348 862 3408 bonesti

9 3483 11 3526 ζ
178 3432 222 3491 lit
237 3430 318 3526 nibil
332 3451 442 3491 arcano
457 3433 510 3510 qui
524 3437 615 3508 roget
632 3451 687 3492 ore
702 3428 794 3509 deos,

9 3549 10 3564 κ
134 3517 172 3575 Si
191 3516 258 3592 quis
274 3517 337 3577 erit
350 3534 477 3594 maguae
492 3517 638 3576 subnixus
653 3518 767 3577 robore
780 3515 912 3575 mentis:

179 3601 378 3680 Dispeream,
403 3603 429 3662 si
443 3619 506 3659 uon
519 3601 571 3660 hic
585 3601 737 3660 Decianus
752 3601 823 3660 erit.
844 3631 889 3719 ὁ*
