2442 4209
153 336 195 401 32
395 405 399 412 ,
474 337 519 399 Μ,
534 336 627 398 VAL.
642 333 868 396 mnirrrams

238 491 354 571 Accipe
369 509 431 550 non
444 489 536 550 I'ario
549 491 689 549 nutantis
702 487 842 569 pondera
854 508 944 567 saxo,

281 575 366 652 Quae
382 574 480 633 cineri
495 571 658 632 venundat
673 574 794 633 ruitura
806 569 916 652 labor,

217 658 303 720 tsed
317 657 425 717 faciles
440 659 536 716 buxos
551 665 584 717 et
599 676 709 736 opacos
722 655 858 736 palmitis
875 660 998 718 umbras

282 743 429 822 Quaeque
446 743 550 801 virent
561 740 698 801 lacrimis
712 740 836 801 roscida
849 747 939 821 prato
950 744 1039 803 meis.

239 828 371 906 Accipe,
394 844 465 885 care
481 842 575 904 puer,
597 825 698 884 nostri
712 826 899 885 monimento
914 823 1049 886 doloris:

281 910 341 970 Hic
355 910 413 969 tibi
426 915 578 990 perpetuo
593 914 735 988 tempore
749 910 832 969 vivet
845 908 954 971 honor.

241 996 317 1055 Cum
331 994 407 1053 mihi
421 1011 581 1073 supremos
596 993 744 1053 Lachesis
758 995 939 1073 pernoverit
952 1013 1065 1074 anuos,

200 1089 233 1141 10
280 1079 348 1139 Non
364 1076 456 1142 aliter
471 1078 593 1136 cineres
611 1075 721 1138 mondo
736 1078 840 1137 iacere
854 1095 949 1139 meos.

594 1212 760 1272 LXXXIX.

242 1324 349 1384 Garris
361 1325 397 1384 in
411 1343 515 1384 aurem
531 1343 655 1404 semper
669 1326 826 1403 omnibus,
849 1325 965 1405 cluna,

242 1408 350 1469 Garris
365 1415 398 1468 et
413 1407 491 1467 illud
505 1415 587 1469 teste
603 1407 778 1487 quodlicet
791 1411 891 1470 turbu.

240 1490 336 1551 Rides
350 1493 384 1556 in
399 1511 519 1570 aurem,
541 1494 701 1572 quereris,
724 1495 844 1573 arguis,
865 1491 985 1574 ploras,

242 1577 354 1635 cautas
370 1578 403 1634 iu
418 1594 538 1656 aurem,
559 1575 694 1654 iudices,
713 1583 814 1656 taces,
837 1577 966 1655 olemus,

219 1658 394 1739 5Adeoque
408 1662 532 1741 penitus
546 1659 630 1720 sedit
643 1661 694 1720 hic
707 1662 765 1722 tibi
779 1665 920 1739 morbus,

242 1744 285 1804 Ut
304 1763 397 1826 saepe
412 1746 445 1804 in
462 1763 582 1824 eurem,
606 1745 722 1823 (liuns,
745 1746 910 1807 Caesarem
924 1744 1042 1806 laudes.

648 1894 713 1955 XC.

244 2008 334 2084 Quod
347 2027 501 2087 nunquam
515 2009 649 2067 maribus
667 2008 798 2068 cinctam
812 2014 862 2087 te,
882 2011 992 2088 Bassa,
1009 2009 1152 2070 videbam

285 2092 437 2172 Quodque
451 2092 510 2151 tibi
523 2090 803 2152 moechumiabuls
816 2092 901 2154 nulls
917 2093 1025 2171 debat,

244 2175 342 2236 Omne
359 2175 415 2236 red
431 2175 565 2236 officium
579 2176 661 2235 circa
675 2183 708 2236 te
722 2195 846 2257 semper
863 2179 968 2239 obibat

286 2260 393 2320 Turba
407 2260 453 2319 tui
467 2278 574 2337 sexus,
595 2278 657 2319 non
673 2259 807 2321 adeunte
823 2262 909 2336 riro;

222 2344 323 2404 tEsse
338 2343 511 2421 videbaris,
532 2344 651 2421 fateor,
660 2344 818 2406 ‘Lucretia
830 2348 936 2407 uobis:

285 2430 328 2488 At
343 2435 393 2507 tu,
415 2448 472 2508 pro
488 2425 626 2505 facinus,
648 2429 759 2507 Bassa,
780 2431 901 2490 fututor
914 2450 995 2491 eras.

243 2513 329 2573 luter
343 2531 378 2572 se
393 2513 531 2592 geminos
547 2511 642 2572 audes
656 2516 850 2574 committere
864 2534 981 2575 cunnos

286 2597 503 2676 Mentiturque
517 2597 616 2656 virum
636 2596 814 2676 prodigiosa
828 2599 944 2661 Venus.

244 2681 425 2742 Commenta
440 2699 474 2740 es
488 2680 613 2760 dIgnum
629 2681 778 2741 'Ihebsno
793 2683 965 2762 aenigmate
980 2688 1171 2760 monstrum,

205 2775 238 2827 10
286 2766 346 2826 HIc
361 2767 412 2826 ubi
427 2768 473 2827 vir
488 2784 550 2824 uon
566 2764 631 2844 est‘,
654 2772 688 2825 ut
702 2767 743 2826 sit
759 2765 954 2828 adulterium.

644 2900 722 2962 xci.

246 3011 322 3071 Cum
336 3020 389 3073 tua
402 3032 464 3073 non
479 3013 569 3092 edas,
592 3016 693 3095 corpIs
707 3033 775 3074 mes
791 3017 940 3095 carmine,
958 3012 1057 3076 Laeli,

288 3096 426 3177 Carpere
439 3097 489 3158 vel
503 3096 569 3157 noli
583 3105 690 3159 nostra
704 3098 755 3159 vel
770 3098 829 3159 ede
844 3106 905 3163 tus.

637 3233 728 3294 XCII.

249 3342 348 3424 Saepe
364 3345 439 3404 mihi
455 3347 596 3425 queritur
610 3365 672 3405 non
690 3346 781 3406 siccis
796 3347 907 3407 Cestos
923 3343 1049 3422 ocellis,

289 3427 389 3507 Tangi
404 3446 438 3488 se
453 3429 568 3509 digito,
589 3431 799 3508 Memoriana,
814 3436 877 3493 tuo.

244 3511 320 3572 Nou'
329 3531 405 3592 opus
420 3519 469 3573 est
483 3513 596 3593 digito:
618 3519 716 3574 totum
731 3516 789 3575 tibi
804 3515 920 3575 Ceston
934 3515 1068 3592 hebeto,

287 3595 320 3655 Si
336 3595 426 3658 deest
440 3596 485 3657 nil
503 3596 605 3676 allud,
628 3598 837 3677 Marmaricae,
858 3600 925 3659 tihi.

1204 873 1207 1087 l
