2442 4209
135 321 177 386 42
454 323 498 383 Μ.
518 322 609 385 VAL.
626 321 853 384 MARTIALIS

221 475 349 556 Spectas
368 473 627 552 eschatocollion,
649 476 781 554 Severe,

218 560 261 620 nt
277 557 385 640 longas
403 559 500 619 trahis
518 560 727 621 oscitationes,

194 644 309 704 5Haec
326 649 413 720 suut,
436 661 515 722 quae
531 642 695 722 relegente
712 661 761 702 me
778 641 900 704 solebas

219 729 318 807 Rapta
337 727 517 804 excribere,
535 726 592 789 sed
610 724 796 790 Vitellianis.

219 812 306 872 llaec
317 816 409 888 sunt,
432 810 552 890 singula
569 829 647 891 quae
663 811 732 872 sinu
748 811 874 873 ferebas

220 896 282 955 Per
298 895 434 955 convivia
453 902 579 973 cuncta,
600 913 659 976 per
677 897 815 973 theatra,

219 979 305 1039 llaec
323 986 394 1038 sunt
409 985 461 1039 aut
476 979 605 1039 meliora
621 981 649 1038 si
667 999 727 1059 quc
745 979 856 1040 nescis.

150 1113 152 1119 .
176 1060 301 1139 aoQuid
319 1060 448 1142 prodest
464 1064 539 1124 mihi
556 1070 619 1122 tam
635 1082 738 1123 macer
754 1061 901 1144 libellus,

218 1144 313 1207 Nullo
332 1147 463 1207 crassior
481 1153 515 1206 ut
533 1148 575 1206 sit
592 1145 754 1225 umbilico,

220 1231 254 1290 si
269 1236 353 1290 totus
370 1230 428 1291 tibi
445 1230 548 1291 triduo
565 1228 709 1309 legatur?
762 1288 764 1294 .

218 1314 379 1393 Nunquam
398 1312 530 1375 deliciae
549 1316 733 1392 supiniorer.

219 1397 332 1458 Lassus
351 1403 411 1457 tam
429 1400 490 1458 cito
509 1397 617 1457 deficis
634 1399 748 1476 viator,
803 1424 824 1459 ο

178 1482 260 1544 rent
277 1501 345 1541 cum
362 1499 490 1542 currere
507 1481 621 1540 debeas
639 1477 790 1559 Bovillas,

218 1565 432 1642 Interiungere
450 1566 573 1645 qnaeris
592 1564 632 1624 ad
652 1565 824 1626 Camenas?

218 1649 347 1726 lnunc,
371 1647 467 1709 edere
484 1668 533 1709 me
549 1650 622 1709 iube
639 1647 774 1710 libellos.

219 1773 721 1951 1111111111111111,1111111311,
744 1873 867 1950 Attice,
890 1871 991 1967 belle,

262 1961 416 2021 Historias
435 1956 550 2034 bellas,
571 1957 705 2016 carmina
722 1953 806 2015 bella
822 1955 916 2033 facis,

220 2045 387 2124 Componis
401 2040 487 2102 belle
504 2041 629 2120 mimos,
651 2041 870 2121 epigrammata
888 2037 987 2118 belle,

262 2126 370 2188 Bellus
387 2125 617 2206 grammaticus,
637 2121 740 2185 bellus
758 2142 792 2184 es
809 2123 1000 2204 astrologus,

199 2213 265 2273 ont
282 2209 366 2272 belle
385 2216 488 2270 cantas
509 2216 541 2269 et
558 2207 669 2287 saltas,
689 2209 811 2288 Attice,
832 2208 932 2289 belle,

262 2294 367 2356 Bellus
385 2312 418 2354 cs
439 2300 506 2354 arte
522 2291 627 2373 lyrae,
650 2291 751 2353 bellus
769 2311 803 2353 es
822 2299 888 2353 arte
903 2293 994 2375 pilae.

218 2377 273 2440 Nil
290 2381 370 2439 bone
391 2398 457 2438 cum
473 2377 584 2456 facias,
605 2378 701 2438 facias
718 2383 821 2437 tamen
839 2379 939 2438 omnia
958 2375 1064 2458 belle,

265 2463 328 2527 Vis·
339 2462 439 2523 dicam
451 2461 526 2542 quid
542 2461 608 2522 sis?
629 2480 755 2540 magnus
769 2478 802 2522 es
821 2460 948 2526 ardalio.

621 2593 691 2655 Vlll

217 2689 255 2751 Sl
269 2711 328 2770 qua
345 2690 530 2753 videbuntur
548 2691 664 2751 chortis
682 2692 755 2770 tibi,
775 2689 893 2771 lector,
912 2691 1033 2753 inistis

264 2774 334 2836 Sive
345 2777 483 2837 obscura
500 2777 591 2835 nimis
609 2775 673 2834 sive
689 2773 786 2835 latina
803 2796 926 2856 parum,

220 2857 289 2919 Non
308 2878 394 2919 mens
410 2866 459 2920 est
477 2877 581 2919 error:
603 2859 709 2919 nocult
727 2859 872 2920 librarius
888 2858 952 2920 illis

262 2942 340 3002 llum
358 2949 507 3025 properat
523 2962 630 3004 versus
648 2961 850 3004 annumerare
867 2945 934 3005 tibi.

196 3025 313 3101 §Quod
330 3028 356 3087 si
374 3046 436 3088 non
453 3026 555 3106 illum,
577 3027 633 3087 sed
650 3045 700 3087 me
717 3046 864 3108 peccasse
884 3028 1024 3109 putabis,

263 3109 353 3170 Tunc
371 3129 428 3190 ego
444 3117 477 3172 te
497 3110 620 3174 credam
639 3111 742 3172 cordis
757 3111 874 3173 habere
891 3109 979 3175 nihil.

218 3193 302 3272 „lsta
320 3199 423 3254 tamen
439 3194 519 3257 mala
535 3195 640 3257 snut.“
668 3195 761 3272 Quasi
772 3215 828 3256 nos
840 3196 1002 3257 manifesta
1013 3213 1185 3276 negemus:

262 3278 349 3338 llaec
367 3276 445 3339 mala
462 3287 551 3360 sunt,
571 3279 628 3341 sed
646 3284 680 3339 tn
696 3298 758 3340 non
776 3279 906 3342 meliora
921 3280 999 3341 sacis

627 3392 679 3455 IX.

218 3488 354 3571 Scripsi,
371 3467 533 3571 res'cripsit
550 3491 595 3552 nil
610 3492 740 3569 Naevia,
760 3510 823 3552 nou
843 3491 929 3555 dabit
947 3508 1031 3571 ergo.

262 3573 326 3636 Sed
341 3579 416 3656 puto
435 3573 517 3654 quod
534 3577 645 3658 scripsi
661 3573 798 3655 legerat:
820 3594 895 3657 crgo
908 3575 1002 3640 dabit.
1094 3598 1102 3606 ·
