2442 4209
308 336 647 399 El'lGllAllllllA'l'ON
661 337 736 398 LIB.
751 339 815 399 XII.
1023 340 1085 403 289

117 490 218 568 Quod
229 510 292 551 non
306 511 323 550 ι
336 491 436 571 prima
450 488 621 551 discurram
635 487 706 550 luce
722 508 780 569 per
794 491 903 550 urbem

162 575 210 635 Et
222 575 358 634 referam
369 573 468 634 lassus
482 574 567 633 basia
581 573 666 634 mille
680 573 812 634 domum.

94 657 192 721 asad
207 666 243 718 tu
256 654 421 739 pur‘purels
435 663 471 718 ut
485 656 541 717 des
554 676 634 717 nova
645 659 769 719 nomina
784 658 889 736 fartis,

164 743 233 803 Aut
246 741 415 802 Nomadum
428 747 539 819 gentes
553 741 806 821 Cappadocumve
821 760 926 821 regar:

118 827 166 886 At
180 825 274 903 mibi,
295 843 387 906 quem
400 826 485 903 cogis
499 824 618 886 medios
633 827 818 906 obrumpere
835 842 958 885 somnos

162 910 210 969 Et
223 912 406 970 matutinum
418 909 506 969 ferre
520 910 646 989 patique
660 906 775 986 lutum,

119 991 210 1069 Quid
220 994 362 1073 petituri
388 992 492 1074 Rupta
505 1013 575 1053 cum
588 1012 645 1073 pes
658 992 750 1071 vagus
765 993 829 1053 exit
844 990 927 1053 aluta

81 1088 117 1140 ιο
166 1078 213 1138 Et
227 1080 346 1137 subitus
362 1095 485 1137 crassae
500 1075 619 1137 decidit
635 1077 735 1137 imber
750 1094 864 1155 aquae,
929 1140 935 1151 ⁸

119 1161 190 1220 Nec
205 1162 291 1221 venit
307 1159 418 1221 ablatis
433 1158 580 1221 clamatus
594 1179 690 1220 verna
703 1158 857 1237 lacernis,

164 1244 300 1304 Accedit
314 1243 447 1323 gelidam
460 1262 567 1304 servus
582 1243 622 1304 ad
637 1241 820 1319 auriculam,

118 1329 163 1389 Et
177 1327 301 1407 „Rogat
314 1335 349 1387 ut
362 1346 467 1388 secum
482 1346 575 1387 cenes
590 1327 776 1387 Laetorius“
790 1326 900 1403 iuquit.

163 1412 287 1489 Viginti
300 1412 454 1471 nummis?
474 1430 536 1471 non
551 1429 624 1489 ego:
646 1410 724 1470 malo
740 1410 868 1487 famem,

80 1507 112 1557 15
121 1496 223 1572 Quam
237 1496 279 1555 sit
292 1514 368 1556 cena
383 1494 475 1572 mihi,
495 1495 553 1555 tibi
568 1496 609 1554 slt
622 1496 779 1574 provincia
791 1510 929 1571 merces,

162 1579 208 1638 Et
221 1578 367 1639 faciamus
382 1575 493 1655 idem,
503 1596 562 1637 nec
576 1598 750 1639 mereamur
763 1575 857 1638 idem.

500 1711 623 1773 XXVll.

119 1830 147 1889 A
163 1827 339 1888 latronibus
354 1843 423 1886 esse
439 1832 472 1886 te
488 1827 620 1887 fututum

120 1913 226 1990 Dicis,
249 1910 375 1970 Saenia:
398 1908 454 1969 sed
468 1916 582 1989 negant
595 1908 743 1971 latrones.

434 2101 437 2107 .
498 2042 634 2105 xxvrn.
676 2018 677 2023 '

119 2155 203 2215 l’oto
218 2172 277 2233 ego
292 2159 464 2231 sextantes,
485 2161 637 2235 tupotas,
659 2155 774 2230 (iluna,
797 2151 950 2232 deuncos,

162 2238 209 2297 nt
222 2238 364 2316 quereris
380 2237 462 2318 quod
475 2258 553 2317 non,
575 2238 689 2331 cinna,
711 2238 849 2297 bibamus
861 2236 968 2298 id'emi

511 2371 620 2433 XXIX.

123 2482 342 2561 Hermogenes
356 2489 460 2544 tantus
472 2502 664 2562 mapparum,
683 2483 859 2559 †Pontlcc,
881 2483 932 2542 fur
946 2489 1011 2563 est,

169 2566 308 2641 Quantus
323 2586 512 2626 nummorum
526 2567 592 2645 vix,
611 2572 706 2646 puto,
727 2565 830 2625 Massa
843 2566 912 2626 fult.

70 2688 78 2692 -
125 2648 177 2708 'l'u
191 2648 267 2710 lieet
282 2652 427 2711 observes
443 2648 581 2710 dextram
595 2655 765 2727 teneasque
780 2651 950 2727 sinistram,

167 2732 323 2810 Inveniet,
344 2753 483 2813 mappam
499 2753 559 2813 qua
573 2733 694 2793 ratione
708 2733 820 2792 trahat.

103 2816 282 2878 evervinus
297 2816 433 2896 gelidum
446 2820 554 2877 sorbet
567 2818 612 2876 sic
626 2814 739 2875 balitus
755 2832 901 2895 anguem,

169 2901 300 2962 Casuras
315 2901 378 2961 alte
392 2903 438 2962 sic
453 2902 535 2981 rapit
548 2900 605 2960 lris
621 2918 724 2978 aquas.

126 2984 234 3063 Nuper
249 3004 317 3044 cum
332 2978 457 3063 Myrino
469 2990 633 3063 peteretur
647 2983 752 3045 missio
766 2981 866 3059 laeso,

170 3066 324 3128 Subduxit
336 3086 460 3146 mappas
476 3075 621 3146 quattuor
634 3066 858 3143 Hermogenes.

129 3144 286 3210 Cretatam
301 3156 429 3232 praetor
444 3162 514 3211 cum
526 3150 623 3211 vellet
636 3150 762 3210 mittere
776 3167 933 3229 mappam,

89 3243 124 3295 10
169 3233 313 3294 Praetori
329 3253 469 3314 mappam
485 3236 606 3315 surpuit
620 3234 843 3311 Hermogenes.

128 3316 286 3377 Attulerat
299 3337 438 3398 mappam
452 3338 559 3396 nemo,
581 3317 653 3377 dum
666 3318 751 3377 furta
763 3318 927 3377 timentur:

169 3400 303 3461 Mantile
317 3420 454 3461 emensa
468 3402 588 3482 surpuit
602 3401 824 3479 Hermogenes.

131 3483 198 3543 lloc
214 3503 336 3564 quoque
354 3486 381 3544 si
393 3484 512 3563 decrit,
533 3483 653 3544 medios
669 3483 843 3562 discingere
857 3480 958 3543 lectos

133 3567 414 3708 MMensarumque
427 3567 526 3649 pedes
540 3587 602 3628 non
616 3568 706 3629 timet
721 3568 943 3709 Hermoggueu.

170 3668 240 3712 ιιι.
