2442 4209
181 364 245 429 244
415 452 417 457 Ι
509 368 904 431 M.VAL.MART1ALIS

267 520 331 581 Gur
344 520 444 580 frater
459 520 517 579 tibi
530 518 634 598 dicor,
655 540 694 580 ex
706 521 835 580 Hiberis

265 604 307 664 Et
323 603 422 664 Celtis
436 606 558 682 genitus
573 604 714 683 'fagique
730 604 827 663 civis?

244 689 316 750 §An
332 688 417 748 voltu
431 687 547 747 similes
560 687 700 748 uidemur
715 689 810 748 esse?

267 772 316 831 'l'u
331 774 410 832 flexo
423 771 540 832 nitidus
555 792 641 832 coms
654 774 787 851 vageris,

266 857 411 935 Hisponis
425 876 483 935 ego
500 864 660 917 contumax
673 856 812 936 capillis3

264 940 355 1000 Levis
372 939 505 1021 dropace
519 946 554 1000 tu
569 942 741 1019 cotidiano,

264 1025 401 1084 Hirsutis
416 1043 473 1103 ego
488 1027 629 1084 cruribus
644 1027 809 1104 genisque3

224 1109 306 1172 100s
320 1107 457 1169 blaesum
472 1110 529 1168 tibi
544 1108 718 1187 debilisque
732 1109 837 1187 lingua
852 1117 919 1186 est,

263 1194 359 1253 Nobis
374 1191 477 1252 fistula
491 1194 603 1253 fortius
617 1191 780 1273 loquetur:

265 1278 341 1337 Tam
358 1275 462 1357 dispar
477 1276 597 1356 aquilae
614 1276 755 1338 columbo
768 1297 831 1336 non
845 1282 909 1353 est,

263 1362 328 1421 Nec
344 1359 452 1421 dorcas
466 1361 567 1440 rigido
581 1362 673 1440 fugax
686 1360 781 1421 leoni.

264 1447 365 1522 Quare
381 1444 488 1505 desine
505 1465 553 1505 me
569 1465 680 1506 vocare
694 1446 840 1521 fratrem,

222 1531 307 1593 15Ne
323 1538 370 1608 te,
395 1530 620 1609 Girarmenion,
641 1549 748 1590 uocem
762 1548 910 1590 sororem.

651 1664 758 1725 LXVI.

264 1784 357 1859 Quis,
380 1802 472 1861 rogo,
492 1788 554 1842 tam
571 1780 684 1859 durus,
706 1784 774 1862 quis
789 1787 850 1840 tum
864 1781 924 1841 fuit
938 1779 995 1842 ille
1011 1782 1153 1862 superbus,

307 1868 366 1942 Qui
380 1868 470 1925 iussit
484 1867 554 1926 fleri
568 1873 618 1944 te,
640 1867 861 1945 Theopompo,
881 1867 1009 1925 cocum?

262 1950 350 2009 Hunc
366 1949 477 2029 aliquis
491 1950 602 2011 faciem
617 1951 705 2029 nigra
719 1947 837 2009 violare
853 1948 953 2009 culino

306 2034 461 2111 Sustinet,
481 2036 536 2094 hos
551 2042 644 2094 uncto
660 2033 775 2114 polluit
789 2034 861 2111 igne
876 2035 1001 2093 comas?

240 2118 338 2191 souis
352 2119 455 2198 potius
470 2120 597 2199 cyathos
614 2120 748 2197 estquis
765 2114 911 2195 crystalla
925 2118 1065 2177 tenebit?

304 2202 371 2277 Qus
385 2204 506 2281 sapient
520 2202 631 2263 melius
644 2204 738 2262 mixta
752 2200 886 2261 Falerna
900 2202 1011 2264 manu?

262 2285 296 2344 Si
312 2292 371 2345 tam
386 2285 525 2346 sidereos
540 2293 644 2346 manet
659 2288 759 2347 exitus
773 2288 833 2346 iste
848 2286 1021 2362 ministros,

302 2370 441 2449 luppiter
457 2379 561 2432 ututur
574 2373 633 2431 ium
651 2369 830 2449 Ganymede
845 2389 929 2430 coco.

546 2572 549 2578 ,
637 2505 757 2566 LXVII.

261 2619 400 2697 Pyrrhae
416 2619 497 2696 iilia,
519 2620 662 2680 Nestoris
677 2638 825 2695 noverca,

220 2698 232 2720 ⁸
264 2704 360 2778 Quam
374 2703 451 2763 vidit
464 2704 564 2763 Niobe
579 2703 685 2783 puella
700 2723 819 2781 canam,

260 2787 389 2847 Laertes
405 2790 499 2847 oviam
516 2807 610 2847 senex
626 2790 759 2862 vocarit,

260 2871 418 2931 Nutricem
433 2872 589 2949 Priamus,
604 2892 726 2932 socrum
741 2871 914 2950 Thyestes,
933 2902 941 2918 ,

239 2954 323 3014 olam
338 2957 513 3016 cornicibus
527 2957 668 3016 omnibus
683 2962 859 3035 superstes,

262 3038 329 3097 Hoc
344 3039 469 3105 tandem
484 3042 542 3100 sita
555 3042 658 3120 prurit
672 3042 705 3099 in
719 3037 863 3119 sepulcro

261 3120 354 3184 Calvo
369 3122 472 3185 Plotia
487 3144 555 3184 cum
570 3124 796 3186 Melanthione.

536 3232 539 3239 ’
634 3259 767 3320 uxvm.

261 3371 336 3432 Cum
351 3374 409 3432 tibi
422 3394 485 3433 non
500 3376 641 3456 Ephesos
655 3393 714 3434 nec
729 3375 770 3432 sit
784 3371 911 3433 Rhodos
930 3377 982 3431 sut
995 3366 1152 3446 Mitylene,

303 3456 366 3516 Sed
382 3456 489 3517 domus
502 3460 535 3517 in
550 3460 635 3534 vico,
657 3456 781 3534 Laelio,
803 3457 951 3536 patricio,

260 3541 368 3619 Deque
384 3539 531 3603 coloratis
548 3562 701 3623 nunquam
716 3540 775 3601 lito
788 3546 887 3601 muter
902 3541 1057 3615 Etruscis,
1078 3556 1082 3563 ·

301 3625 402 3684 Durus
419 3627 544 3685 Aricino
558 3625 597 3685 de
613 3629 741 3705 regione
757 3631 861 3707 pater3
