2442 4209
141 310 211 376 266
478 312 522 373 M.
539 310 635 373 VAL.
650 307 880 371 Mau'riauis

615 464 727 529 XXXI.

232 577 349 638 Atreus
365 574 520 640 Caecilius
541 580 770 639 cucurbitarum

232 662 285 722 Sic
298 660 372 722 illas
388 665 474 742 quasi
488 662 571 725 filios
585 663 745 743 Thyestae

231 747 267 808 lu
279 754 387 828 partes
401 746 519 809 lacerat
533 755 680 827 secatque
695 744 790 808 mille.

233 832 333 893 Gustu
346 836 488 913 prutiuua
502 834 558 893 has
573 832 650 893 edes
663 834 698 891 ιιι
711 833 795 913 ipsc,

211 917 299 977 allas
315 918 415 997 prima
429 918 515 978 feret
528 916 666 978 alterave
682 935 775 996 ccua,

232 1002 297 1062 Has
314 1018 391 1062 caua
405 1002 463 1061 tibi
476 1003 571 1065 tertia
585 1009 728 1085 reponet.

234 1087 316 1147 ilinc
331 1104 418 1148 seras
432 1086 629 1167 epidipnidas
641 1087 783 1169 parabit,

234 1172 316 1231 Hinc
328 1174 431 1252 pistor
444 1172 543 1233 fatuas
558 1170 635 1232 facit
648 1169 826 1251 placentas,

233 1257 316 1316 Hinc
333 1263 366 1316 et
379 1255 566 1337 multiplicer
581 1258 676 1317 struit
689 1254 821 1317 tabellas

194 1352 227 1404 10
233 1342 275 1401 Et
290 1348 379 1401 notas
395 1340 569 1421 caryotidas
583 1340 735 1414 theatris3

61 1422 66 1434 '
235 1427 317 1486 Hine
332 1428 397 1486 exit
409 1426 526 1487 varium
541 1445 616 1486 coco
634 1423 782 1504 minutal,

234 1512 277 1572 Ut
291 1509 410 1571 lentem
423 1512 556 1592 positam
570 1509 734 1589 fabamque
749 1508 875 1571 credas:

234 1593 362 1656 Boletos
374 1597 512 1656 imitatur
527 1604 560 1657 et
575 1592 729 1674 botellos,

234 1681 277 1742 Et
291 1678 417 1741 caudam
433 1682 515 1761 cybii
529 1682 705 1761 brevesque
725 1699 865 1741 maenas:

128 1818 133 1830 ,
189 1766 316 1828 ¹lalliuc
330 1762 476 1826 cellarius
493 1767 654 1846 experitur
669 1772 770 1845 artes,

235 1852 279 1911 Ut
297 1849 412 1911 condat
424 1852 509 1911 varic
525 1850 613 1911 vafer
630 1869 741 1931 sapore

234 1936 269 1995 ιιι
285 1943 374 1997 rutae
389 1932 498 1997 folium
515 1933 706 2017 Capelliana

236 2020 288 2080 Sic
301 2019 413 2100 implet
427 2019 551 2099 gabatas
564 2018 826 2101 parapsidesque,

234 2106 276 2164 Et
290 2102 377 2165 leves
393 2104 528 2165 scutulas
543 2124 693 2185 cavasque
706 2104 823 2165 lauces.

192 2189 302 2251 20Hoc
316 2186 434 2250 lautum
446 2195 551 2269 vocat,
571 2191 632 2250 hcc
646 2187 736 2270 puta't
747 2160 926 2267 venustum,

240 2275 338 2337 Unum
353 2294 473 2355 ponere
487 2273 616 2335 ferculis
631 2281 680 2334 tet
695 2292 803 2335 assem.

612 2408 735 2472 XXXII.

235 2508 301 2570 Nec
315 2519 387 2590 toga
402 2530 461 2571 uec
476 2512 564 2573 focas
580 2518 702 2572 estnec
717 2510 812 2571 tritus
827 2510 936 2570 cimice
949 2508 1067 2591 lectus,

276 2594 342 2656 Nec
357 2597 415 2657 tibi
432 2595 471 2655 de
483 2595 589 2658 bibula
603 2604 686 2657 sarta
699 2593 813 2677 palude
828 2604 934 2739 tapes,

234 2679 301 2741 Nec
314 2699 393 2761 puer
408 2687 460 2741 aut
475 2684 597 2760 senior,
619 2680 706 2742 uulla
721 2686 770 2741 est
785 2681 852 2740 aue·
880 2700 898 2738 a
914 2699 973 2741 uec
988 2678 1100 2756 iussus,

278 2764 343 2827 Nec
359 2784 430 2827 sera
444 2784 503 2826 nec
521 2765 614 2827 clavis
629 2784 688 2827 uec
703 2767 787 2826 cauis
802 2771 896 2844 atque
911 2764 1002 2830 calix.

215 2864 229 2913 ι
238 2850 288 2909 ἰιι
304 2857 409 2912 tameu
425 2850 568 2929 affectas,
587 2850 732 2929 Nestor,
744 2849 807 2911 (lici
822 2858 915 2931 atque
932 2850 1034 2912 videri

277 2934 415 3017 Pauper,
438 2938 494 2997 et
485 2954 517 2997 ιιι
533 2933 650 3017 populo
667 2936 791 3015 quaeris
807 2936 926 2997 habere
939 2930 1053 2997 laeum.

235 3018 383 3082 Mentiris
396 3038 536 3101 vanoque
551 3022 609 3082 tihi
624 3018 774 3081 blandiris
789 3020 919 3084 honere.

276 3106 345 3167 Nou
361 3113 410 3167 est
424 3114 607 3189 paupertas,
629 3104 759 3184 Nestor,
781 3105 898 3167 habere
913 3104 1003 3168 nihil.

603 3238 739 3305 XXXlll.

235 3343 363 3423 Saepius
379 3341 418 3402 ad
432 3342 563 3423 palmam
578 3344 726 3405 Prasiuus
742 3351 814 3425 post
828 3346 893 3405 iata
905 3342 1039 3405 Neronis

276 3428 425 3489 Pervenit
439 3438 472 3488 et
489 3429 588 3490 victor
601 3431 740 3509 praemia
754 3429 845 3511 plura
858 3430 969 3491 refert

233 3513 246 3574 1
260 3532 357 3590 nunc,
378 3509 460 3573 livor
477 3511 571 3592 edax,
592 3512 691 3575 dicte
708 3515 840 3575 cessisse
852 3512 988 3588 Neruui3

275 3598 360 3661 Vicit
375 3598 519 3656 nimirum
536 3617 598 3658 uun
613 3597 714 3675 Nera,
737 3596 793 3657 sel
805 3596 964 3658 Prasinus
