2442 4209
299 349 806 419 nulnRAMMATONLffl.x11.
1010 358 1074 423 303
1143 424 1148 431 ,

488 551 623 617 LXXIX.

110 664 234 725 Dousvi
247 663 305 725 tihi
320 661 430 743 multa,
451 681 530 743 quae
544 666 678 743 rogasti3
736 737 738 741 Ι

112 748 234 809 Donavi
247 748 305 807 tibi
321 747 427 828 plura,
451 768 540 827 quam
554 749 688 827 rogasti:

112 829 183 891 Non
200 850 302 892 cessas
316 837 419 892 tamen
433 850 531 911 usque
544 850 594 891 me
608 850 728 910 rogare.

113 917 261 995 Quisquis
275 914 318 975 uil
333 922 442 995 negat,
464 914 620 993 Atticille,
642 914 740 978 fellat.

496 1040 617 1121 cxxx.

90 1126 95 1135 ’
112 1151 161 1213 Ne
176 1149 285 1211 lsudet
302 1150 426 1229 dlguos,
443 1149 548 1211 laudet
563 1148 758 1213 Callistratus
774 1172 888 1218 omues.

155 1236 217 1297 (lui
230 1231 327 1295 mulus
342 1239 391 1295 est
403 1252 513 1312 uemo,
537 1236 606 1314 quis
620 1238 717 1297 bouus
733 1256 802 1299 esse
816 1244 943 1320 potest?

383 1356 385 1361 ’
486 1363 621 1424 LXXXI.

112 1463 246 1522 Brumae
262 1459 371 1521 diebus
386 1462 536 1541 feriisque
552 1463 677 1523 Saturni
785 1488 788 1497 ⁴

112 1545 264 1605 nfittebrt
277 1544 395 1606 Umber
409 1545 572 1606 haliculrm
590 1549 665 1607 mihi
679 1566 814 1629 pauper3

111 1628 202 1689 Nunc
215 1629 312 1689 mlttit
323 1626 469 1690 helicem:
490 1630 589 1690 factus
602 1637 651 1690 est
665 1633 747 1693 euim
762 1631 856 1695 dives.

475 1756 622 1817 LXXXII.

5 1925 6 1934 χ
110 1854 262 1931 Effugere
276 1855 309 1914 iu
325 1854 454 1914 thermis
472 1861 505 1914 et
519 1856 601 1913 circa
616 1852 726 1914 balnea
742 1874 802 1916 uou
818 1865 866 1917 est

156 1938 372 2016 Menogeuen,
394 1939 476 1998 omni
491 1944 526 1997 tu
538 1936 615 1997 licet
629 1945 696 1998 arte
711 1938 796 1999 velis.

5 2037 6 2082 ῖ
112 2022 260 2101 Captabit
273 2020 410 2102 tepidum
426 2020 535 2082 deutra
548 2019 696 2100 laevaque
712 2024 883 2101 trigoucm,

154 2106 290 2187 imputet
303 2112 444 2188 acceptas
458 2112 493 2165 nt
505 2106 563 2165 tibi
578 2124 671 2186 saepe
684 2104 772 2186 pilas.

91 2187 254 2267 tcolliget
268 2196 301 2250 et
315 2190 435 2249 referet
447 2189 549 2249 laxum
563 2187 603 2249 de
618 2188 747 2269 pulvere
762 2189 887 2270 follem,

152 2274 198 2332 Et
211 2274 310 2333 sliam
323 2272 421 2350 lotus,
443 2274 504 2332 iam
518 2271 653 2333 soleatus
668 2275 744 2348 erit„

112 2356 227 2416 Lintea
240 2358 268 2416 si
280 2376 399 2433 sumes,
421 2358 491 2416 nive
507 2355 686 2417 candidiora
698 2356 863 2437 loquetur,

156 2440 229 2499 Sint
240 2439 319 2501 licet
333 2441 461 2501 infantis
478 2439 653 2500 sordidiora
671 2442 747 2501 sinu.

111 2525 249 2602 Dulguos
262 2531 348 2585 secto
370 2530 543 2585 comentem
557 2523 653 2584 dente
669 2524 815 2605 capillos,

74 2618 106 2669 10
153 2609 248 2669 Dicet
261 2607 420 2669 Achilleus
435 2607 624 2688 disposuisse
639 2628 748 2669 comas.

109 2691 266 2752 Fumosae
280 2693 364 2754 ieret
378 2694 445 2773 ipse
460 2694 565 2771 tropin
580 2691 620 2751 de
634 2693 721 2752 faece
738 2692 884 2771 lagonae,

154 2775 283 2836 Frontis
297 2770 331 2837 et
343 2778 503 2836 humorem
519 2774 645 2853 colliget
659 2795 756 2855 usqne
771 2783 850 2836 tuae.

113 2858 225 2920 Omnis
236 2858 391 2938 laudabit,
412 2860 573 2919 mirabitur
588 2861 703 2935 omnia,
726 2859 825 2919 donec

156 2943 331 3022 Perpessus
347 2943 430 3003 dicus
446 2942 551 3031 taedia⁸
562 2942 646 3003 mille
662 2944 763 3021 „Veni
772 2944 802 3002 !“

473 3070 635 3131 LXXXIII.

109 3166 244 3226 Derisor
256 3166 410 3226 Fabianus
424 3168 617 3245 hemissum,

111 3250 229 3310 Omnes
243 3270 334 3329 quem
349 3250 440 3310 modo
455 3250 534 3310 colei
548 3252 698 3310 timebant

111 3335 277 3394 Dicentem
293 3334 424 3395 tumidus
441 3336 473 3393 in
488 3332 692 3413 hydrocelen,

6 3453 7 3494 ἦ
112 3419 268 3494 Quantum
283 3437 343 3478 uec
358 3418 417 3477 duo
434 3417 577 3477 dicerent
592 3415 724 3491 Catulli3

6 3577 7 3584 ἵ
88 3503 144 3562 clu
159 3502 292 3562 thermis
308 3503 408 3562 subito
423 3502 607 3562 Neronianis
723 3536 727 3542 -

6 3645 7 3670 2
111 3583 203 3646 Vidit
218 3604 253 3645 se
267 3587 380 3664 miser,
403 3591 436 3647 et
449 3580 556 3647 tacere¹
571 3585 682 3665 coepit.
