2442 4209
252 317 592 381 EPIGRAMMATON
606 320 680 384 LlB.
695 321 773 383 Vlll.
975 317 1039 386 191

372 508 374 513 ’
473 516 550 577 Lxl.

27 664 28 673 Ξ
97 625 171 685 Livet
185 625 352 705 Charinus,
374 626 543 704 rumpitur,
564 625 658 703 furit,
680 625 783 704 plorat

27 744 28 749 κ
97 709 129 768 nt
143 710 259 789 quaerit
275 708 372 786 altos,
393 709 475 769 unde
490 708 642 790 pendeat,
662 730 780 770 ramos:

94 792 149 852 Non
163 795 219 853 iam
237 791 321 871 quod
333 795 410 854 orbe
423 801 530 854 cantor
547 798 580 853 et
593 791 684 871 legor
698 800 782 872 toto,

96 876 147 937 Nee
161 876 311 938 umbilicis
328 876 413 957 quod
429 878 561 938 decorus
576 883 609 937 et
623 876 720 937 cedro

82 960 218 1041 bspargor
234 980 292 1042 per
308 981 415 1023 omnes
432 964 528 1023 Roma
543 981 618 1041 quas
633 958 722 1021 tenet
736 968 863 1040 gentes:

97 1044 149 1105 Sed
163 1045 242 1124 quod
258 1048 314 1106 sub
331 1048 409 1107 urbe
427 1066 479 1107 rus
496 1047 644 1107 babemus
660 1047 809 1106 aestivum
837 1117 841 1122 ⁴

27 1142 28 1159 l
97 1128 291 1209 Vehimurque
306 1130 395 1191 mulis
411 1151 490 1208 non,
510 1138 545 1190 ut
560 1137 648 1207 ante,
665 1128 835 1190 conductis.

100 1212 166 1288 Quid
178 1216 389 1294 imprecabor,
410 1235 428 1276 o
446 1215 581 1293 Severe,
602 1213 734 1274 liventi?

27 1298 28 1303 ’
96 1296 151 1357 Hoc
166 1304 250 1378 opto:
273 1296 371 1359 mulas
387 1300 499 1360 habeat
513 1306 547 1360 et
563 1300 780 1359 suburbanum.

473 1444 563 1505 LXII.

96 1550 196 1611 Scribit
207 1554 239 1612 in
253 1572 360 1613 aversa
374 1554 486 1615 Picens
501 1557 720 1635 epigrammata
736 1554 857 1631 charta,

128 1635 275 1715 redolet,
299 1656 406 1731 averso
424 1638 507 1717 quod
519 1640 597 1699 tacit
611 1638 665 1699 illa
681 1637 749 1701 deo.

359 1776 361 1781 ·
461 1778 565 1865 axin.

28 1896 29 1955 ζ
97 1888 252 1968 Thestylon
267 1890 364 1949 Aulus
379 1897 476 1970 amat,
498 1891 555 1957 sed
570 1910 630 1951 nec
643 1892 742 1950 minua
758 1888 848 1949 ardet
864 1885 994 1964 Alexin,

27 1966 29 2047 Ξ
127 1973 264 2033 Forsitan
281 1978 315 2033 et
328 1982 467 2035 nostrum
480 1996 561 2036 nunc
575 1974 773 2055 Hyacinthon
786 1978 874 2032 amat.

28 2072 29 2079 ¹
97 2056 188 2116 Inunc
202 2062 235 2116 et
248 2056 370 2136 dubita,
393 2066 479 2120 vates
493 2080 532 2121 an
546 2059 655 2138 diligat
668 2061 771 2139 ipsos,

28 2150 30 2209 ἶ
127 2141 252 2202 Delicias
266 2147 367 2202 vatum
382 2162 449 2203 cum
464 2163 551 2205 meus
564 2143 662 2204 Aulus
677 2150 767 2204 amet.

460 2283 567 2346 LXIV.

95 2390 129 2450 Ut
141 2412 260 2472 poscas,
284 2392 394 2473 Clyte,
415 2414 523 2455 munus
541 2397 725 2474 exiguaque,

95 2474 151 2535 Uno
164 2478 299 2538 nasceris
313 2480 432 2539 octiens
449 2480 481 2538 in
497 2498 577 2539 anno

30 2592 31 2629 3
94 2557 127 2617 nt
138 2559 231 2641 solas,
249 2568 341 2643 puto,
362 2568 466 2622 tresve
481 2569 663 2641 quattuorve

30 2716 31 2727 ἵ
95 2641 150 2702 Non
164 2645 320 2706 natalicias
336 2647 431 2707 babes
447 2646 611 2707 Kalendae.

30 2749 31 2775 ι
80 2724 136 2786 nsit
149 2727 245 2790 voltus
261 2731 320 2790 tibi
333 2728 434 2791 levior
446 2731 555 2791 licebit

95 2807 179 2871 Tritis
193 2812 295 2873 litoris
311 2813 389 2874 aridi
404 2812 538 2895 lapillis,

95 2891 134 2954 Sit
146 2915 227 2957 moro
243 2916 330 2958 coma
342 2899 462 2976 nigrior
476 2898 609 2972 caduc03

30 3016 31 3051 Ξ
93 2976 191 3040 Vincas
206 2979 338 3042 mollitia
352 2989 507 3043 tremente
525 2982 659 3062 plumas,

93 3060 145 3123 Aut
159 3085 283 3126 massam
301 3065 391 3126 modo
408 3066 499 3127 lactis
513 3065 648 3145 alligati3

30 3090 33 3237 Ξ
66 3144 125 3204 ltEt
135 3147 200 3208 talis
213 3156 315 3209 tumor
330 3152 446 3210 excitet
460 3149 608 3232 papillae,

30 3238 31 3267 ¹
95 3227 192 3304 Quales
207 3233 301 3293 cruda
317 3235 383 3294 viro
400 3233 636 3314 puellaservat:

94 3312 134 3372 Τιι
148 3318 248 3395 nobis,
272 3316 379 3397 clyte,
400 3320 460 3378 iam
477 3337 571 3379 senex
585 3318 710 3379 videris.

95 3396 158 3458 Tam
174 3400 284 3462 multos
301 3403 368 3479 quis
385 3404 467 3462 enim
484 3402 581 3463 luisse
596 3400 705 3463 credat

94 3478 204 3543 Natales
217 3485 370 3547 Priamive
384 3488 587 3547 Nestorisvet
602 3529 608 3537 .

66 3569 88 3620 lt
94 3562 132 3625 Sit
143 3568 263 3629 tandem
279 3570 379 3652 pudor
394 3577 427 3631 et
440 3570 548 3631 modus
563 3573 688 3650 rapinis.
