2442 4209
146 292 197 359 91)
466 291 509 353 M.
527 290 620 352 VAL.
636 287 862 349 MARTIALIS
963 329 967 339 .

229 446 296 509 Vae
311 444 481 525 glebeonis,
503 461 558 503 uae
572 442 630 503 tibi
644 439 782 503 miselle:

232 528 350 591 Nudam
365 538 397 589 te
415 534 530 589 statuet
545 535 615 587 tuns
629 527 799 607 Lupercus.

233 777 358 854 Obstat,
380 793 451 836 cure
465 775 606 854 Pudens,
627 777 744 837 nostris
759 796 813 837 sue
826 777 918 836 turbs
930 774 1051 836 libellis

272 860 500 940 Lectoremque
514 861 665 939 frequens
679 858 775 921 lussit
789 866 822 921 et
835 858 946 941 implet
960 880 1046 942 opus.

229 946 310 1006 Rure
323 947 442 1005 iuuant:
463 946 571 1025 primis
585 945 630 1005 sic
642 946 739 1004 maior
754 946 852 1024 gretie
865 946 982 1025 pomis,

273 1030 432 1090 Hibernae
446 1030 580 1110 pretinm
597 1030 642 1088 sic
658 1048 801 1089 meruere
815 1047 922 1105 rosse3

207 1113 285 1175 osio
301 1111 512 1193 spoliatricem
528 1114 721 1174 commendat
734 1114 831 1175 iustus
846 1114 990 1193 amicum,

273 1198 364 1258 lanus
378 1216 436 1257 nec
450 1198 592 1258 invenem
606 1216 730 1278 semper
746 1204 852 1278 sperts
866 1204 964 1259 tenet.
1072 1212 1075 1215 ’

233 1282 361 1362 Saepius
376 1284 408 1342 iu
422 1279 504 1342 libro
519 1290 698 1344 numeretur
712 1281 838 1342 Persius
852 1301 929 1360 uno,

213 1375 217 1382 '
274 1368 369 1443 Quum
381 1366 458 1427 levis
473 1367 506 1425 iu
519 1372 584 1427 totu
600 1366 723 1427 Marsus
736 1363 932 1425 Amazonide.

233 1450 282 1510 Tu
299 1470 420 1530 quoque
436 1449 474 1509 de
490 1452 604 1511 nostris
619 1449 742 1529 releges
758 1467 971 1530 quemcunque
985 1447 1115 1527 libellis,

192 1546 224 1597 10
271 1535 350 1595 Esse
364 1541 438 1615 pute
452 1532 565 1594 solum:
588 1535 633 1594 sic
646 1535 704 1593 tibi
718 1532 817 1615 pluris
832 1536 901 1594 erit.

622 1668 717 1729 XXX.

233 1782 347 1842 lleiuno
361 1779 472 1863 procul
487 1780 587 1841 alcon
602 1780 736 1859 recede,

234 1867 391 1941 Piscator3
413 1865 503 1944 iuge,
525 1884 565 1925 ne
581 1884 697 1926 nocens
711 1863 850 1926 recedes.

235 1951 338 2011 Sacris
351 1950 486 2031 piscibus
501 1951 560 2010 hue
575 1955 720 2010 natentur
735 1948 850 2026 undae,

235 2035 294 2109 Qui
308 2041 423 2095 norunt
437 2032 590 2094 dominum
605 2052 787 2114 manumque
800 2032 938 2093 lambunt

213 2118 336 2196 billum,
359 2138 417 2198 que
432 2118 512 2178 nihil
529 2125 577 2178 est
593 2119 625 2178 in
640 2121 717 2178 orbe
731 2119 835 2179 moins.

235 2201 331 2281 Quid,
355 2202 437 2281 quod
452 2221 565 2263 nomen
578 2202 696 2262 hebent
710 2208 743 2263 et
757 2202 795 2262 od
809 2200 949 2281 magistri

234 2286 351 2349 Vocem
367 2288 497 2366 quisque
513 2288 560 2347 sui
574 2288 660 2347 venit
674 2286 807 2347 citatus?

235 2371 303 2430 lloc
318 2369 468 2450 quondam
484 2369 579 2450 Libys
593 2372 704 2451 impius
719 2369 889 2451 profundo,

235 2455 313 2515 lium
328 2454 474 2535 proedom
491 2453 606 2516 calamo
622 2460 778 2515 tremente
793 2453 894 2530 ducit,

194 2538 341 2621 10Roptis
356 2537 522 2600 luminibus
538 2545 671 2620 repente
686 2558 795 2600 caecus

235 2624 364 2705 Captum
378 2643 440 2685 non
456 2626 557 2703 potuit
570 2623 678 2684 videre
692 2624 825 2703 piscem,

233 2708 275 2769 Et
288 2728 369 2769 nunc
384 2707 551 2787 sacrilegos
564 2726 695 2789 perosus
709 2708 814 2769 homos

234 2794 364 2853 Bsinnos
379 2792 469 2853 sedet
484 2792 521 2851 sd
536 2790 622 2853 lucus
636 2800 772 2871 rogator.

235 2877 277 2937 At
290 2882 342 2956 tu,
366 2876 437 2936 dum
451 2881 559 2956 potes,
581 2878 731 2936 innocens
746 2874 860 2937 recede

194 2970 227 3024 15
235 2958 324 3023 lectis
339 2959 530 3041 simplicibus
545 2960 622 3021 cibis
635 2960 668 3018 in
682 2959 794 3039 nudus,

235 3043 278 3104 Et
290 3045 392 3124 pisces
406 3062 557 3105 venerere
573 3042 731 3105 delicatos.

618 3176 726 3238 XXXI.

238 3290 328 3368 Quod
342 3293 429 3371 cupis
442 3294 474 3351 in
488 3293 604 3354 nostris
620 3291 743 3371 dicique
757 3289 883 3370 legique
897 3286 1015 3353 libellis

138 3374 147 3379 “
277 3375 319 3435 Et
333 3373 498 3436 nonnullus
513 3376 611 3437 honos
626 3375 764 3436 creditur
778 3376 838 3435 iste
852 3376 927 3453 tibi,

236 3458 283 3519 Ne
297 3457 429 3536 valeam,
450 3459 476 3519 si
490 3479 553 3519 uon
566 3479 618 3521 res
633 3465 683 3521 est
696 3460 868 3539 gratissime
883 3460 973 3519 nobis

278 3543 320 3606 Et
334 3541 404 3603 volo
419 3550 451 3603 te
466 3543 580 3627 chortis
595 3545 763 3606 inseruisse
776 3545 862 3604 mels.
884 3590 887 3593 ,
