2442 4209
482 369 527 433 ιι.
541 370 634 433 vau.
649 368 876 451 mumma

592 572 769 636 LXXXVII.

242 676 355 736 Narrat
368 681 419 752 te,
442 674 579 751 chione,
600 692 723 752 rumor,
744 692 898 752 uunquam
913 690 984 733 eoae
997 670 1121 734 salutm

283 758 386 837 Atque
401 755 479 817 uibil
494 776 594 819 cunno
609 757 717 837 puriua
733 776 803 819 eoae
817 767 881 819 tuo.

242 842 342 902 Tecta
358 848 462 903 tamen
476 861 539 902 uou
551 842 627 919 hac,
651 861 711 921 qua
725 841 844 921 debea,
863 846 954 923 parte
967 838 1092 899 lavaris:

284 928 317 986 Si
332 926 433 1008 pudor
448 931 513 1004 eat,
533 925 671 985 transfer
685 925 823 1006 subligar
836 925 1005 985 infaciem.

584 1050 775 1114 LXXXVIII.

242 1162 321 1223 Sunt
336 1164 449 1243 gemini
464 1162 594 1241 fratrea,
618 1162 740 1224 diuersa
754 1162 810 1224 aed
825 1164 951 1242 inguim
963 1162 1095 1243 liuguut.

283 1248 402 1327 Dicite,
424 1246 589 1308 diaaImiIea
605 1254 678 1307 aunt
690 1249 803 1327 magia,
823 1266 863 1307 au
877 1244 1019 1308 almsseal

594 1372 759 1435 LXXXIX.

240 1474 339 1535 Utere
353 1471 483 1534 lactucia
498 1480 531 1534 et
544 1470 690 1533 mollibus
704 1477 795 1533 utere
808 1471 930 1534 malvia:

282 1558 358 1618 Nam
374 1555 486 1617 faciem
500 1556 627 1636 durum,
647 1556 793 1635 Phoebe,
817 1559 952 1619 caecutis
965 1559 1073 1619 babeo.

645 1683 710 1744 XC.

239 1794 333 1873 Vult,
355 1815 417 1856 nou
430 1794 496 1856 volt
512 1793 586 1855 dare
601 1792 694 1856 Galla
705 1795 799 1873 miiaI,
819 1814 878 1856 uec
893 1795 1003 1859 dicere
1017 1818 1150 1880 peanum,

282 1879 371 1956 Quod
385 1878 451 1939 volt
466 1887 499 1941 et
514 1899 577 1939 uon
590 1878 671 1955 volt,
691 1878 766 1958 quid
779 1880 840 1939 aibi
855 1880 944 1942 (lulla
958 1881 1048 1970 velit.

637 1992 716 2056 xcl.
785 2007 790 2015 ’

241 2091 318 2151 cam
329 2098 456 2171 peteret
468 2094 588 2171 patriae
597 2092 757 2152 'missicius
771 2111 843 2151 arva
856 2092 1039 2173 Ravennae,

284 2174 434 2236 SemivIro
448 2175 582 2255 Cybelen
597 2196 665 2237 cum
680 2194 774 2255 grege
790 2176 891 2235 iunxit
903 2177 975 2237 iter.

240 2259 321 2319 Huic
335 2278 438 2320 eomes
453 2261 602 2322 haerebat
617 2260 732 2320 domiui
745 2260 891 2337 fugItirua
904 2259 1048 2322 Achillae

283 2344 414 2422 IuaIgnis
426 2345 525 2404 forma
538 2346 739 2425 nequitiaque
750 2362 840 2425 puer.

218 2428 312 2488 5Hoc
326 2428 452 2489 steriles
466 2447 595 2490 senaere
611 2430 687 2488 viria
710 2449 770 2508 qua
783 2434 874 2507 parte
890 2430 1021 2491 cubaret

281 2513 458 2591 Quaerunt,
478 2512 535 2573 aed
548 2514 659 2575 tacitos
675 2514 774 2573 aeuait
786 2517 820 2573 et
836 2510 894 2575 ille
908 2511 1008 2579 dolas.

239 2596 412 2676 Mentitur,
435 2596 581 2658 creduut:
605 2598 703 2658 somni
717 2602 790 2677 poat
804 2598 874 2658 vina
887 2604 1057 2677 petuntur:

282 2682 435 2742 Gontiuuo
453 2682 570 2742 ferrum
584 2683 674 2741 noxia
690 2683 781 2742 turba
797 2682 880 2762 rapit

238 2763 453 2847 Exciduntque
468 2784 590 2843 senem,
613 2764 749 2846 spondae
764 2785 832 2825 cum
845 2771 937 2845 parte
952 2767 1092 2844 iaceret3

198 2858 232 2911 10
279 2850 418 2929 Namque
432 2868 511 2930 puer
524 2849 631 2929 pluteo
644 2848 767 2911 vindice
781 2855 867 2910 tntna
881 2856 958 2910 erat.

239 2932 434 3014 suppositam
450 2933 602 3014 quondam
618 2934 697 2994 lama
712 2941 762 2994 eat
774 2954 831 3014 pro
845 2935 966 3013 virgine
979 2954 1121 3017 cervam,

279 3018 322 3077 At
335 3037 417 3081 nuuc
430 3038 488 3099 pro
505 3036 595 3079 cervo
610 3018 747 3080 mentula
763 3020 923 3099 auppoaIta
938 3026 995 3080 eat.

628 3145 719 3207 xcss.

237 3243 283 3304 Ut
296 3244 396 3323 patiar
410 3244 585 3324 moechum,
604 3250 694 3323 rogat
706 3264 800 3323 uxor,
823 3243 933 3324 Galle,
954 3242 1012 3305 aed
1024 3263 1130 3309 unum.

279 3328 360 3388 Huic
375 3346 431 3406 ego
446 3349 508 3389 nou
524 3327 630 3390 oculos
645 3347 738 3407 eruo,
761 3327 867 3407 Galle,
891 3329 992 3389 duoai

620 3441 724 3503 xcnl.

239 3536 316 3598 (ium
331 3539 389 3601 tibi
403 3541 539 3601 trecenti
554 3538 715 3621 eouaulea,
737 3540 926 3622 Vetuatilla,

237 3620 279 3683 lit
293 3628 360 3683 trea
374 3621 479 3702 capilli
494 3631 700 3705 quattuorque
715 3627 779 3687 aiut
796 3626 923 3707 dentea,

1191 3787 1197 4028 l
