2442 4209
171 316 234 383 220
498 290 890 377 numennumen

234 574 243 589 ,
628 515 764 577 LXXXI.

253 632 371 693 beotor
384 636 419 691 et
433 628 555 691 auditor
567 635 693 691 noatroa
707 629 836 709 probat,
858 628 954 709 Aule,
973 628 1096 712 libello,

297 713 362 775 Sed
375 713 500 794 quidam
515 719 639 788 exactor
657 730 727 774 eoae
741 719 835 793 poeta
846 722 949 795 negot.

254 801 322 863 Non
338 799 466 859 nimium
480 817 571 859 onro:
588 817 660 859 nam
675 816 771 858 cenae
785 796 908 858 fereula
921 806 1037 860 nostrae

295 880 405 945 Malim
420 882 554 943 convivia
569 902 658 961 qnam
673 881 827 965 placuisse
843 885 935 947 coeio.

621 1017 770 1079 LXXXII.

254 1132 384 1193 Dixerat
398 1127 572 1208 astrologus
586 1131 760 1209 periturum
774 1135 807 1188 te
824 1130 903 1208 cito,
925 1130 1051 1209 Munna,

295 1216 378 1295 Nee,
398 1221 493 1295 puto,
514 1214 663 1273 mentitus
679 1211 801 1274 dixerat
812 1212 869 1274 ille
883 1214 951 1275 tibi.

255 1301 332 1363 Nam
347 1307 382 1359 tu
396 1298 470 1359 dum
484 1294 614 1377 metuis,
635 1316 676 1357 ne
692 1296 769 1377 qnid
781 1306 854 1379 poet
868 1299 932 1359 fata
946 1298 1105 1378 relinquet,

296 1384 437 1446 Hauoiati
451 1384 568 1463 patrina
580 1380 759 1443 luxurioans
775 1400 869 1464 oper,

217 1471 372 1549 -nliiaque
387 1472 473 1527 tunm
491 1466 618 1528 deciens
633 1486 695 1527 non
709 1473 776 1527 toto
795 1469 897 1528 tabuit
913 1487 1007 1527 anno:
1190 1539 1191 1542 Ἴ

297 1554 355 1615 mc
373 1553 465 1630 mihi,
482 1570 544 1613 non
559 1554 619 1612 hoo
634 1548 698 1629 eat3
720 1550 855 1632 Munna,
877 1554 983 1635 perire
997 1551 1075 1613 eito‘i
1191 1633 1192 1644 ἵ

609 1685 773 1750 imni

254 1800 340 1861 Inter
353 1806 439 1860 tanta
454 1805 525 1860 tuae
539 1797 701 1878 miracula,
724 1801 856 1879 Caesar,
878 1802 1030 1879 harenae,

296 1885 382 1962 Quae
395 1884 492 1945 vineit
507 1889 648 1944 veterum
662 1903 790 1945 munera
805 1882 890 1944 clara
908 1883 1035 1964 ducum,

254 1965 390 2029 Multum
405 1966 503 2046 oculi,
525 1966 581 2029 sed
594 1966 664 2049 plus
680 1987 770 2029 aurea
786 1967 903 2030 debere
917 1969 1055 2031 fatentur

298 2053 339 2113 Se
353 2054 429 2131 tibi,
453 2052 536 2133 qnod
551 2059 694 2133 spectent
708 2054 761 2133 qui
776 2054 911 2113 recitare
927 2052 1037 2114 solent.

605 2186 770 2250 LXXXIV.

255 2300 333 2361 (ium
346 2306 400 2360 tua
414 2298 584 2379 sacrilego·
599 2307 724 2378 eontra,
746 2301 906 2378 Norbam,
928 2299 1051 2361 furores

300 2384 407 2445 Staret
419 2403 477 2464 pro
494 2382 619 2444 domino
633 2385 768 2445 Caesare
784 2390 889 2445 saneta
903 2382 999 2463 noer,

255 2470 343 2529 llaeo
357 2487 415 2547 ego
431 2468 535 2529 Pieria
549 2466 696 2529 ludebam
709 2474 794 2531 tutus
808 2471 840 2528 in
856 2470 979 2547 umbra,

300 2548 358 2613 llle
371 2560 444 2613 tuae
459 2550 561 2613 cultor
575 2559 668 2613 notua
684 2553 846 2613 amicitiae.

234 2637 314 2699 oMe
326 2638 384 2697 tibi
399 2634 573 2700 Vindelicis
585 2636 702 2697 Raetus
716 2639 862 2698 narrabat
875 2639 909 2697 in
926 2638 1004 2716 oris,

296 2721 407 2781 Nescia
421 2720 479 2781 r'reo
493 2722 592 2782 noatri
607 2723 741 2782 nomiuia
756 2722 868 2782 Arctoo
886 2728 964 2785 eret.

255 2806 283 2867 0
299 2807 443 2884 quotiens
457 2811 596 2866 veterem
609 2824 673 2866 non
687 2807 841 2867 inficiatus
857 2808 985 2866 amioum
1095 2858 1101 2867 .

297 2890 408 2951 Dixisti
423 2890 537 2969 „Meua
553 2895 603 2951 eat
616 2891 679 2951 iate
690 2898 800 2971 poeta,
821 2891 945 2950 meun!“

256 2974 355 3036 Omne
369 2976 427 3036 tibi
442 2981 582 3036 noatrnm
598 2974 681 3052 qnod
696 2976 743 3035 bis
757 2973 924 3036 trieteride
937 2977 1041 3035 innota

214 3070 247 3121 10
294 3061 377 3119 Ante
392 3059 483 3119 dabat
497 3056 617 3136 lector,
640 3077 721 3118 nune
736 3058 823 3119 dabit
838 3065 945 3119 auctor
960 3078 1045 3140 opus.

618 3194 771 3257 LXXXV.

254 3306 441 3385 Languidior
454 3315 564 3369 notter
578 3308 604 3367 ai
619 3307 741 3386 quando
756 3313 806 3369 eat
820 3306 950 3386 Paulum
971 3304 1063 3384 Atili,

297 3391 366 3451 Non
382 3410 431 3471 ae,
454 3392 595 3452 convivae
611 3394 748 3453 abstinet
762 3390 818 3453 ille
832 3412 915 3456 auoa.

255 3474 306 3535 Tu
318 3472 467 3555 languore
481 3474 605 3555 quidem
621 3478 722 3537 subito
737 3476 874 3557 notoque
887 3475 1027 3555 laborat,

297 3557 361 3619 Sed
376 3579 442 3621 mea
456 3560 597 3641 porrexit
612 3560 768 3642 sportula,
780 3558 904 3641 l'uule,
921 3559 1028 3642 pedet.
