2442 4209
158 371 225 437 21⁰
483 369 530 433 ni.
544 370 637 434 VAL.
653 368 881 433 otheninus

223 524 398 605 olnrcripta
411 528 461 583 ert
474 520 557 583 barin
571 484 752 600 indicatque
769 519 916 582 nomen.“

243 608 424 671 Λυσίππου
435 602 527 684 lego,
548 602 681 666 Phidiae
694 605 809 686 putari.

636 752 731 816 XLV.

242 864 340 930 Mller
353 868 579 949 Hyperboreos
593 864 702 945 modo,
724 864 931 949 Marcelline,
945 871 1055 931 trione·
1076 928 1083 943 ,

283 953 326 1013 Et
339 953 443 1014 Getici
457 950 576 1013 talem
590 948 695 1011 sidera
707 950 797 1031 pigra
811 950 894 1033 poli:

240 1036 324 1099 Ecce
338 1036 519 1098 Promethei
533 1051 628 1116 rupen
642 1039 676 1095 ct
687 1032 792 1095 sabula
804 1037 918 1096 montio

285 1121 381 1197 Quam
396 1138 496 1201 prope
511 1124 584 1201 aunt
599 1115 717 1196 oeulir,
738 1136 820 1179 nunc
835 1116 993 1198 adeunda,
1013 1121 1082 1181 tuin!

220 1201 371 1269 oviderrr
384 1204 543 1265 immensis
558 1220 629 1262 cum
644 1198 836 1264 conclamata
850 1202 1001 1283 querellis

287 1287 479 1368 Saracenis,
501 1286 587 1348 dicer
602 1286 741 1367 „Durior
758 1287 828 1368 ipse
842 1287 936 1352 fuit.“

241 1372 285 1435 ht
297 1369 376 1432 licet
389 1374 467 1433 haec
482 1370 592 1432 addar:
616 1371 747 1450 „Potuit
761 1373 815 1448 qui
828 1370 905 1433 talia
918 1372 1021 1451 ferre,

283 1456 457 1521 Humanum
471 1456 583 1517 merito
599 1454 733 1514 finxerat
746 1450 804 1515 ille
818 1456 948 1535 genna.“

628 1618 736 1682 XLVI.

240 1735 362 1799 Gellius
377 1700 523 1797 acdificat
538 1754 678 1817 semper:
700 1736 793 1799 modo
806 1736 915 1798 limina
927 1739 1031 1819 ponit,

281 1820 371 1883 Nunc
385 1821 508 1883 forihur
522 1818 624 1881 clavea
638 1829 725 1900 aptat
742 1823 880 1902 emitque
894 1840 999 1899 aeram

240 1906 329 1968 Nune
343 1904 417 1983 har,
438 1924 520 1965 nunc
534 1902 606 1965 illas
621 1906 727 1967 reiicit
739 1913 900 1985 mutatque
913 1906 1078 1967 fenestrae:

283 1991 363 2051 lium
377 1994 497 2051 meum
511 1987 674 2068 aedificet,
697 1989 852 2069 quidlibet
864 1989 922 2051 ille
937 1991 1028 2069 tacit,

218 2074 506 2138 50rantiuummoa
518 2079 553 2133 ut
570 2072 678 2135 dicere
689 2075 790 2155 poenit
803 2076 902 2135 amico
947 2098 954 2109 ·

285 2159 387 2221 Unum
402 2156 485 2219 iilud
499 2159 631 2218 verbum
645 2156 768 2219 Gellius
781 2158 980 2237 ,‚rledifico.“

621 2312 743 2382 XLvn.
765 2359 768 2363 Δ

245 2431 457 2507 Democritoa,
479 2430 624 2490 Zenonas
637 2430 898 2512 inexplicitosque
910 2430 1059 2495 Plutonra

287 2512 444 2594 Quidquid
459 2521 492 2575 et
506 2513 637 2574 hirsutis
652 2513 776 2594 squalet
789 2518 991 2597 imaginibur‚

244 2600 297 2661 Sic
312 2599 399 2678 quari
414 2599 610 2678 Pythagorae
623 2595 766 2678 loqueris
779 2620 942 2663 nuceeraor
955 2609 990 2663 et
1003 2602 1111 2680 heren,

285 2682 486 2763 Praependet
500 2681 602 2757 Samia
617 2700 676 2742 nec
690 2684 748 2744 tihi
761 2686 859 2746 barba
872 2687 983 2747 minor.

221 2768 309 2833 oSed
326 2766 408 2846 quod
421 2773 455 2827 et
467 2767 601 2827 hircosis
618 2785 722 2828 uerum
738 2776 788 2829 eat
802 2777 835 2829 et
848 2776 941 2851 turpe
954 2769 1079 2851 pilonlr,

285 2854 318 2914 ln
333 2850 422 2912 molli
435 2850 567 2931 rigidum
581 2849 672 2911 clune
684 2849 822 2915 libenter
835 2855 942 2916 habea.
1040 2878 1047 2903 ν

243 2937 310 3015 Tu,
331 2936 384 3016 qui
401 2941 554 2997 rectarum
571 2953 677 2996 causan
692 2941 725 2996 et
738 2938 879 3018 pondera
892 2939 993 3016 nocti,

285 3021 343 3082 Dic
357 3020 450 3098 mihi,
471 3017 608 3101 percidi,
629 3021 813 3100 Pannyche‚
833 3022 942 3103 dogma
956 3020 1042 3102 quod
1054 3022 1123 3083 cat'⁴

616 3169 750 3232 XLVlll.

245 3281 405 3345 Heredem
420 3305 487 3345 cum
502 3303 551 3346 me
564 3286 664 3366 partia
678 3285 753 3364 tihi,
775 3285 923 3365 (lanice,
944 3292 1075 3366 quartae

287 3368 350 3428 Per
364 3374 418 3428 tua
433 3369 553 3430 iurares
569 3388 657 3430 sacra
673 3375 827 3449 caputque
844 3377 946 3448 tuum,

246 3449 455 3531 Credidimus,
465 3487 509 3499 —
520 3455 590 3532 quia
603 3454 684 3513 enirn
700 3452 827 3513 dumnet
840 3473 895 3514 sua
908 3462 979 3515 rota
992 3453 1154 3518 libenter!
1163 3481 1196 3495 -

286 3536 328 3600 ht
342 3556 428 3618 apem
442 3539 623 3598 munerihur
636 3539 767 3599 fovimus
780 3556 879 3618 usque
894 3537 991 3615 datir3

223 3621 332 3682 tinter
349 3640 426 3701 quae
440 3621 505 3681 ruri
518 3620 705 3684 Laurentem
719 3620 869 3703 ponderis
884 3642 990 3705 aprum
