2442 4209
310 800 355 872 n
386 801 488 874 vnn.
515 801 772 875 alrannus

224 971 856 1069 lllltllllllllltl

434 1174 595 1236 LIBER
622 1175 643 1236 l.

147 1289 254 1408 Spero
270 1347 318 1386 me
336 1335 474 1388 secutum
487 1329 520 1387 in
530 1326 650 1388 libellis
664 1329 741 1388 meis
755 1327 819 1388 tale
834 1335 1060 1410 temperamen-

69 1417 141 1487 tum,
171 1419 205 1471 ut
231 1411 270 1485 de
298 1410 362 1471 illis
390 1413 479 1490 queri
502 1431 564 1482 non
581 1414 682 1493 possit
702 1413 839 1491 quisquis
861 1412 900 1473 de
921 1432 957 1474 se
979 1415 1059 1474 bene

68 1496 212 1574 senserit,
241 1515 309 1554 oum
330 1494 410 1555 salva
430 1496 601 1556 intimarum
621 1515 742 1576 quoque
756 1515 956 1576 personarum
971 1518 1060 1559 reve-

68 1581 162 1639 rentia
182 1578 309 1654 ludant3
337 1599 414 1659 quae
436 1579 512 1640 adeo
534 1581 668 1659 antiquis
689 1583 864 1641 auctoribus
886 1581 1002 1661 defuit,
1026 1591 1059 1642 ut

53 1666 235 1724 anominibus
255 1685 317 1724 non
337 1671 454 1724 tanturn
474 1666 556 1724 veris
578 1665 663 1725 abusi
684 1666 762 1742 sint,
795 1665 851 1726 setl
877 1673 909 1726 et
932 1669 1057 1746 magnis.

68 1749 139 1808 blilri
162 1751 243 1809 lama
260 1747 350 1808 vilius
374 1755 495 1809 constet
518 1756 551 1808 et
571 1751 723 1828 probetur
743 1751 776 1808 in
794 1769 843 1810 me
864 1752 1060 1811 novissimum

67 1834 228 1911 ingenium.
270 1834 361 1894 Absit
388 1835 561 1894 aiocorum
582 1841 758 1893 nostrorum
778 1831 976 1914 simplicitate
998 1856 1060 1894 ma-

68 1914 161 1995 lignus
181 1920 340 1998 interpres
359 1937 418 1978 nec
440 1920 658 1998 epigrammata
675 1935 743 1978 mea
756 1919 882 1981 scribat.
919 1920 1060 2000 improbe

68 2001 135 2062 iacit
147 2005 246 2082 quiin
258 2001 358 2062 alieno
368 2001 449 2062 llbro
461 2003 639 2081 ingeniosus
650 2008 709 2065 est.
729 2002 884 2062 Lascivam
897 2005 1059 2063 verborum

39 2089 242 2165 teneritatem,
262 2085 296 2146 id
318 2094 367 2146 est
385 2088 627 2167 epigrammaton
645 2085 795 2164 linguam,
818 2107 1011 2166 excusarem,
1034 2091 1059 2148 si

69 2191 160 2231 meum
175 2178 261 2232 esset
282 2169 471 2251 exemplum:
500 2173 544 2231 sic
560 2173 670 2231 scribit
684 2170 839 2249 Catullus,
868 2173 913 2230 sic
926 2173 1060 2249 Marsus,

69 2256 107 2314 sic
123 2256 230 2334 Pedo,
256 2258 301 2316 sic
321 2253 515 2334 Gaetulicus,
550 2257 595 2316 sic
616 2257 789 2335 quicunque
808 2253 992 2336 perlegitur.
1028 2257 1060 2316 Si

68 2342 129 2416 quis
148 2349 254 2401 tamen
274 2348 337 2400 tam
358 2341 518 2401 ambitiose
540 2341 641 2400 tristis
660 2346 724 2418 est,
759 2348 794 2400 ut
820 2339 899 2420 apud
920 2337 1008 2400 illum
1029 2342 1060 2400 in

68 2423 144 2485 nulla
155 2427 270 2506 pagina
282 2425 379 2485 latine
393 2424 480 2505 loqui
493 2426 540 2486 fas
555 2425 611 2500 sit,
633 2431 738 2504 potest
753 2423 886 2505 epistola
900 2425 949 2484 vel
959 2427 1062 2505 potius

39 2508 151 2570 letitulo
166 2517 333 2570 contentus
354 2529 432 2570 esse.
468 2511 698 2590 Epigrammata
711 2507 774 2569 illis
788 2511 980 2587 scribuntur,
1010 2512 1061 2589 qui

68 2592 166 2654 solent
200 2602 343 2675 spectare
372 2591 526 2656 Florales.
573 2595 641 2654 Non
674 2594 773 2654 intret
798 2595 875 2654 Cato
906 2594 1060 2654 theatrum

67 2697 179 2756 meum,
209 2685 261 2738 aut
278 2681 304 2739 si
316 2680 495 2757 intraverit,
519 2685 649 2759 spectet.
682 2677 802 2740 Videor
822 2679 896 2737 mibi
911 2696 979 2738 meo
994 2680 1060 2738 iure

69 2763 218 2841 iacturas,
242 2765 269 2823 si
284 2761 446 2843 epistolam
463 2764 603 2823 versibus
619 2762 756 2823 clusere:

103 2916 220 2974 Nosses
233 2916 356 2975 iocosae
373 2913 464 2974 dulce
480 2935 548 2975 cum
562 2935 682 2978 sacrum
695 2914 808 2975 Florae

103 3000 280 3077 Festosque
294 2996 380 3059 lusus
395 3006 426 3059 et
439 2999 597 3059 licentiam
612 2997 713 3084 volgi,

104 3084 169 3143 (lus
184 3085 216 3143 ln
232 3084 404 3161 theatrum,
427 3085 504 3144 (lato
519 3102 655 3160 severe,
666 3085 801 3144 venisti?

107 3169 151 3226 bn
163 3167 237 3228 ideo
251 3173 370 3228 tantum
382 3187 526 3245 veneras,
548 3175 582 3227 ut
597 3169 721 3228 exires?

529 3304 550 3363 l.

193 3416 251 3475 llic
267 3422 316 3475 est
330 3436 421 3495 quem
434 3416 514 3495 legis
526 3414 601 3493 ille,
625 3435 716 3495 quem
728 3417 878 3495 requiris,

193 3499 275 3559 Toto
289 3507 380 3560 notus
394 3504 426 3561 in
439 3502 516 3561 orbe
530 3498 685 3561 Martialis

193 3583 318 3662 Argutis
334 3589 572 3665 epigrammaton
588 3583 719 3644 libellis:
