2442 4209
276 247 615 353 unuqmuuanucu
628 280 703 343 um.
722 280 785 343 vu.
842 264 849 274 '
993 278 1053 343 151

113 438 290 515 Fractusque
304 454 402 495 cornu
415 436 475 494 iam
488 439 540 495 ter
552 434 694 512 improbo
708 431 836 493 Rhenus

114 522 222 581 l'cneat
235 518 409 599 domantem
423 536 518 597 regna
533 516 673 597 perlidae
687 518 804 595 gentis,

99 606 173 677 ὁΤι,
194 622 308 665 summe
323 600 427 662 mundi
442 607 547 661 rector
562 606 595 661 et
607 618 721 681 parens
737 601 837 669 orbis:

114 690 218 749 Abesse
232 688 348 748 nostris
362 705 424 745 non
438 691 540 744 tamen
554 692 645 764 potes
659 686 748 745 votis,

114 771 171 835 lllic
184 780 215 832 et
228 769 327 833 oculis
341 776 374 830 et
387 769 495 829 animia
511 788 631 845 sumus,
653 769 784 846 Caesar,

114 856 249 936 Adeoque
264 860 384 916 mentes
399 853 533 913 omnium
548 858 638 912 tenes
651 871 749 929 unns,

113 940 148 1001 Ut
159 941 220 1020 ipsa
235 940 337 1017 magni
349 937 440 998 turta
453 937 572 997 nesciat
586 936 686 1013 Circi,

88 1024 248 1084 ltlltrumne
266 1028 371 1083 currat
384 1021 565 1081 Passerinus
581 1039 620 1079 an
634 1018 749 1099 Tigris.

495 1152 571 1214 Vlll.

115 1266 187 1327 Nunc
199 1266 335 1345 hilares,
357 1269 382 1327 ai
398 1265 519 1345 qucndo
534 1266 627 1341 milui,
647 1285 728 1324 nunc
742 1263 859 1342 ludite,
881 1263 1006 1324 Musae:

146 1351 249 1412 Victor
266 1352 303 1411 ab
319 1349 452 1429 Odrysio
468 1348 611 1409 redditur
626 1349 702 1408 orbe
719 1347 804 1408 deus.

116 1433 195 1494 detta
211 1434 288 1494 iacis
305 1431 412 1514 populi
426 1441 460 1494 tu
473 1434 591 1514 primus
604 1439 691 1512 vota,
710 1432 900 1493 December:
957 1467 961 1472 -

145 1518 201 1577 lam
213 1517 292 1579 licet
304 1519 424 1597 ingenti
439 1516 546 1579 dicere
559 1537 636 1579 voce
650 1516 805 1595 „Venit!“

100 1599 192 1661 tllclix
205 1609 290 1663 sorte
306 1604 372 1661 tun!
400 1602 530 1662 Poteras
549 1621 611 1675 non
629 1600 745 1663 cedere
758 1602 847 1677 lano,

149 1685 259 1746 Gaudia
276 1688 303 1745 si
317 1687 421 1763 nobis,
444 1704 522 1764 quac
537 1684 624 1746 dabit
636 1684 709 1762 illc,
730 1684 831 1745 dares.

115 1766 195 1829 llcsta
213 1775 376 1830 coronatus
391 1767 481 1830 ludet
495 1770 628 1831 convitia
641 1767 749 1845 miles,

36 1898 37 1907 a
148 1853 225 1914 Inter
239 1852 411 1932 laurigeros
425 1874 493 1913 cum
508 1872 611 1914 comcs
624 1854 683 1913 ibit
698 1871 804 1931 equos.

36 1972 37 1981 ι
116 1936 165 1996 lus
182 1937 284 1999 audire
298 1939 384 1999 iocos
398 1935 576 2017 levioraque
591 1938 743 2014 carmina,
765 1936 895 2014 caesar,

35 2051 37 2089 ι
90 2029 112 2080 lt
148 2022 184 2081 lut
197 2023 267 2101 tibi,
288 2022 314 2083 si
328 2018 415 2082 lusus
429 2022 496 2106 ipsc
511 2023 685 2102 triumphus
700 2024 789 2081 amat.
825 2071 828 2078 .

505 2168 556 2230 IX.

35 2294 36 2309 ¹
118 2277 181 2338 (lum
193 2282 348 2359 sexaginta
361 2288 503 2341 numeret
518 2279 691 2342 Cascellius
705 2302 818 2361 annos,

35 2426 36 2431 γ
150 2363 319 2442 Ingeniosus
333 2365 424 2425 homo
440 2372 502 2426 est:
524 2364 646 2445 quando
663 2365 798 2427 disertus
818 2367 903 2428 crit?
923 2444 926 2451 Ι

514 2498 543 2559 Χ

35 2594 36 2621 ’
117 2605 281 2670 l¹acdicatur
295 2611 394 2689 Eros,
416 2611 507 2673 iellut
522 2612 632 2673 Linus:
655 2611 731 2690 010,
752 2612 827 2691 quid
841 2611 881 2673 ad
894 2619 945 2691 te,

35 2652 37 2741 l
150 2692 190 2752 lle
204 2700 272 2755 cute
288 2693 362 2774 quid
376 2695 490 2756 faciant
503 2694 560 2757 ille
574 2696 625 2757 vel
637 2695 693 2758 ille
710 2696 786 2757 sual

120 2774 250 2837 Centenis
264 2779 359 2839 futuit
373 2779 481 2840 Matho
499 2779 640 2841 milibus:
663 2780 738 2860 Olet,
754 2779 829 2860 quid
843 2780 882 2841 ad
897 2779 951 2840 tei

150 2859 211 2919 Non
223 2868 256 2922 tu
269 2868 456 2943 propterea,
479 2864 535 2925 scd
549 2866 658 2926 Matho
672 2884 791 2946 pauper
805 2867 875 2926 crit.

102 2940 145 3000 tln
155 2940 247 3003 lucem
262 2952 353 3006 cenat
367 2946 533 3009 Sertorius.
565 2948 640 3028 Ole,
663 2948 738 3027 quid
753 2948 791 3008 cd
805 2949 861 3009 te?

153 3027 220 3087 (lum
233 3027 328 3091 liceat
341 3036 406 3091 totu
420 3040 555 3093 stertere
574 3039 667 3094 nocte
682 3033 750 3095 tibi.

121 3107 303 3191 Septingenta
318 3113 393 3175 Tito
408 3115 504 3177 debet
517 3116 637 3196 Lupus:
660 3114 735 3193 Ole,
754 3114 829 3194 quid
844 3113 882 3175 ad
895 3114 951 3175 tc'l

153 3193 251 3256 Assem
266 3216 307 3257 nc
324 3196 449 3262 dederis
464 3199 675 3261 crediderisve
689 3199 787 3280 Lupo.

120 3273 188 3337 Illud
200 3279 385 3362 dissimulas,
407 3282 445 3344 ad
460 3291 493 3344 te
508 3283 593 3364 quod
605 3285 760 3366 pertinet,
782 3281 860 3362 Ole,

91 3364 116 3417 1⁰
154 3362 292 3445 Quodque
305 3369 401 3445 magis
419 3386 510 3431 curae
525 3370 670 3429 convenit
684 3386 755 3429 ease
770 3373 851 3428 tuae.

121 3441 171 3505 l'ro
184 3449 282 3526 togula
297 3449 409 3511 debes:
429 3453 488 3513 hoc
502 3451 542 3512 ad
556 3458 589 3513 te
602 3453 757 3534 pertinet,
778 3448 847 3514 Ole.

155 3530 351 3607 Quadrantem
364 3553 455 3596 nemo
469 3538 529 3595 iam
544 3536 602 3596 tibi
616 3534 732 3599 credit:
754 3542 787 3597 et
803 3538 874 3598 hcc.
