2442 4209
281 338 765 428 ιιιιιιιιιιιιιιιοιιιιιιι.
987 363 1050 430 ιιι

105 680 265 740 Herbarum
279 680 385 740 fueras
398 679 538 758 indutus,
559 680 670 758 lime,
693 678 832 759 colores,

139 764 203 824 lure
215 763 377 824 theatralis
392 762 464 823 dum
479 763 596 825 siluere
610 762 683 825 loci.

106 850 179 925 Quae
191 853 352 930 postquam
365 846 479 927 placidi
494 850 633 910 censorin
645 869 719 910 oure
732 851 854 909 renosci

138 932 224 992 iussit
238 938 271 991 et
284 932 440 992 Ooeuunun
456 934 573 994 certior
588 933 676 994 rudit
688 948 803 1012 eques,

88 1016 164 1076 tNon
177 1016 235 1076 nisi
249 1013 300 1076 vel
315 1034 407 1075 eoooo
424 1014 546 1077 mudidu
559 1014 611 1076 vel
625 1017 744 1077 murice
755 1019 854 1078 tinctu

139 1098 229 1161 Veste
244 1101 327 1160 nites
343 1106 377 1160 et
391 1106 423 1159 te
437 1102 483 1160 sio
498 1098 574 1161 dure
587 1102 683 1161 verbo
696 1106 795 1181 putus.

106 1182 393 1263 Quadringentorum
407 1182 513 1245 nnllue
528 1191 616 1261 sunt,
639 1185 750 1262 Bone,
770 1182 935 1263 lucernae,

138 1268 194 1328 dut
206 1285 293 1329 mens
308 1273 379 1328 unte
396 1287 501 1331 omnes
516 1267 639 1329 Cordus
651 1269 784 1329 haberet
798 1287 919 1348 equum.

468 1402 577 1466 mv.

103 1517 220 1577 Hermes
233 1515 349 1577 Mortis
364 1513 481 1575 soeculi
493 1513 650 1597 uoluptas,

103 1601 220 1661 Hermes
236 1600 377 1659 omnibus
392 1598 532 1659 eruditus
547 1600 655 1676 ermis,

103 1685 221 1745 Hermes
237 1690 271 1744 et
284 1682 435 1762 gladiotor
450 1688 483 1761 et
496 1684 659 1763 magister,

102 1768 220 1829 Hermes
234 1770 328 1827 turbe
340 1769 388 1828 sui
402 1775 582 1847 tremorque
595 1765 680 1844 ludi,

86 1851 239 1931 oilermes,
264 1870 354 1931 quem
372 1854 463 1912 timet
476 1851 602 1930 Helius,
625 1849 681 1911 sed
694 1870 804 1929 unum,

101 1935 237 2016 Hermes,
260 1937 310 1995 cui
326 1933 409 1996 ondit
422 1934 593 2014 Aduolans,
616 1934 672 1995 sed
685 1938 756 2013 uni,

101 2020 220 2082 Hermes
233 2022 361 2080 vincere
373 2038 432 2080 neo
445 2020 544 2079 ferire
560 2018 685 2095 doetus,

102 2102 220 2165 Hermes
235 2104 530 2185 supposuitioiuo-ibi
545 2105 632 2184 ipse,

101 2187 218 2249 Hermes
234 2188 361 2249 divitiae
374 2187 575 2265 locutionum,

73 2280 96 2329 10
101 2271 219 2332 Hermes
234 2292 308 2333 oure
320 2270 472 2352 laborque
485 2269 657 2348 indiarum,

101 2355 220 2417 Hermes
235 2355 392 2435 belligero
406 2357 556 2437 superbus
571 2356 677 2434 husto,

101 2438 219 2500 Hermes
235 2458 391 2520 aequoreo
405 2441 507 2500 minu
520 2438 675 2517 tridente,

100 2523 219 2584 Hermes
235 2523 356 2585 oesside
370 2521 516 2603 languido
529 2522 700 2601 timendus,

32 2674 33 2678 η
101 2607 220 2669 Hermes
236 2606 337 2688 glorio
349 2608 462 2668 Mortis
479 2609 630 2686 universi,

72 2700 93 2749 15
98 2690 217 2752 Hermes
232 2694 334 2753 omniu
347 2690 430 2753 solus
444 2699 478 2751 et
491 2698 542 2752 ter
555 2710 642 2755 unus.

479 2833 575 2896 XXV.

100 2944 343 3026 „Quadringenta
357 2947 416 3007 tibi
429 2966 491 3007 non
506 2955 594 3027 sunt,
617 2949 860 3009 Chaerestrato-0
875 2965 984 3027 surge,

133 3028 235 3091 Leitus
250 3049 326 3092 eoee
338 3031 439 3091 uenit:
461 3033 506 3092 ot!
527 3032 618 3111 iuge,
640 3049 749 3109 curre,
769 3028 867 3093 lste.“

98 3110 217 3192 Ecquis,
238 3116 287 3193 io,
307 3121 434 3175 reooout
449 3113 725 3196 discedentemque
739 3114 884 3177 redooiti

133 3197 259 3277 Ecquis,
282 3201 331 3277 io,
352 3197 456 3278 largos
471 3199 581 3280 pendit
595 3202 709 3261 ominus
725 3200 824 3282 opes?

82 3277 184 3355 5Quem
198 3284 314 3343 chortis
334 3284 496 3362 famaeque
516 3282 622 3345 dumus
636 3282 822 3365 populisque
833 3282 1045 3366 loquendumi

136 3365 206 3441 Quis
222 3366 348 3447 Stygios
363 3386 426 3427 nou
439 3365 506 3427 volt
522 3374 606 3429 totus
623 3368 710 3429 odiro
725 3367 834 3428 lucus?

99 3444 172 3527 Hoo,
192 3470 284 3531 rogo,
307 3470 370 3511 nou
385 3449 512 3531 melius,
534 3463 623 3531 quum
640 3454 734 3513 rubro
747 3452 867 3533 pulpito
884 3454 987 3514 nimbo

134 3532 284 3613 Spargere
299 3542 333 3595 et
348 3536 447 3595 effuso
462 3535 675 3617 permaduisse
691 3538 806 3597 oroeoi

100 3614 185 3757 1ἳῖιιιιι
197 3638 260 3679 non
274 3638 404 3681 sensuro
418 3616 493 3680 dore
509 3619 733 3700 quadringente
747 3619 882 3696 eubodio,

132 3720 196 3763 sur.
