<?xml version="1.0" encoding="UTF-8"?>
<!DOCTYPE html PUBLIC "-//W3C//DTD XHTML 1.0 Transitional//EN"
    "http://www.w3.org/TR/xhtml1/DTD/xhtml1-transitional.dtd">
<html xmlns="http://www.w3.org/1999/xhtml" xml:lang="en" lang="en">
 <head>
  <title>
</title>
<meta http-equiv="Content-Type" content="text/html;charset=utf-8" />
  <meta name='ocr-system' content='tesseract 3.04.00' />
  <meta name='ocr-capabilities' content='ocr_page ocr_carea ocr_par ocr_line ocrx_word'/>
</head>
<body>
  <div class='ocr_page' id='page_1' title='image "./mvalmartialisep02martgoog_0176.png"; bbox 0 0 2442 4209; ppageno 0'>
   <div class='ocr_carea' id='block_1_1' title="bbox 144 300 870 367">
    <p class='ocr_par' dir='ltr' id='par_1_1' title="bbox 144 300 870 367">
     <span class='ocr_line' id='line_1_1' title="bbox 144 300 870 367; baseline -0.003 0"><span class='ocrx_word' id='word_1_1' title='bbox 144 300 207 367; x_wconf 83' lang='lat'><strong>156</strong></span> <span class='ocrx_word' id='word_1_2' title='bbox 334 358 337 367; x_wconf 88' lang='lat'><em>.</em></span> <span class='ocrx_word' id='word_1_3' title='bbox 472 302 517 366; x_wconf 85' lang='lat' dir='ltr'><strong>M.</strong></span> <span class='ocrx_word' id='word_1_4' title='bbox 532 302 625 366; x_wconf 80' lang='lat' dir='ltr'><strong>an.</strong></span> <span class='ocrx_word' id='word_1_5' title='bbox 642 302 870 365; x_wconf 71' lang='lat' dir='ltr'><strong>maurianis</strong></span> 
     </span>
    </p>
   </div>
   <div class='ocr_carea' id='block_1_2' title="bbox 227 453 1036 619">
    <p class='ocr_par' dir='ltr' id='par_1_2' title="bbox 227 453 1036 619">
     <span class='ocr_line' id='line_1_2' title="bbox 227 453 955 535; baseline -0.003 -18"><span class='ocrx_word' id='word_1_6' title='bbox 227 455 341 517; x_wconf 79' lang='lat' dir='ltr'><strong>intanti</strong></span> <span class='ocrx_word' id='word_1_7' title='bbox 354 453 513 516; x_wconf 86' lang='lat' dir='ltr'><strong>melimela</strong></span> <span class='ocrx_word' id='word_1_8' title='bbox 528 454 600 523; x_wconf 87' lang='lat' dir='ltr'><strong>dato</strong></span> <span class='ocrx_word' id='word_1_9' title='bbox 614 455 778 535; x_wconf 78' lang='lat' dir='ltr'><strong>fatuasque</strong></span> <span class='ocrx_word' id='word_1_10' title='bbox 791 456 955 517; x_wconf 83' lang='lat' dir='ltr'><strong>mariscas:</strong></span> 
     </span>
     <span class='ocr_line' id='line_1_3' title="bbox 269 538 1036 619; baseline 0.003 -21"><span class='ocrx_word' id='word_1_11' title='bbox 269 538 345 599; x_wconf 88' lang='lat' dir='ltr'><strong>Nam</strong></span> <span class='ocrx_word' id='word_1_12' title='bbox 361 539 456 618; x_wconf 88' lang='lat' dir='ltr'><strong>mibi,</strong></span> <span class='ocrx_word' id='word_1_13' title='bbox 480 558 557 619; x_wconf 85' lang='lat' dir='ltr'><strong>quae</strong></span> <span class='ocrx_word' id='word_1_14' title='bbox 572 540 661 599; x_wconf 82' lang='lat' dir='ltr'><strong>novit</strong></span> <span class='ocrx_word' id='word_1_15' title='bbox 672 558 831 619; x_wconf 85' lang='lat' dir='ltr'><strong>pungere,</strong></span> <span class='ocrx_word' id='word_1_16' title='bbox 854 539 933 601; x_wconf 78' lang='lat' dir='ltr'><strong>Chia</strong></span> <span class='ocrx_word' id='word_1_17' title='bbox 947 540 1036 616; x_wconf 84' lang='lat' dir='ltr'><strong>sapit.</strong></span> 
     </span>
    </p>
   </div>
   <div class='ocr_carea' id='block_1_3' title="bbox 613 673 724 735">
    <p class='ocr_par' dir='ltr' id='par_1_3' title="bbox 613 673 724 735">
     <span class='ocr_line' id='line_1_4' title="bbox 613 673 724 735; baseline 0 -1"><span class='ocrx_word' id='word_1_18' title='bbox 613 673 724 735; x_wconf 84' lang='lat' dir='ltr'><strong>XXVI.</strong></span> 
     </span>
    </p>
   </div>
   <div class='ocr_carea' id='block_1_4' title="bbox 132 783 1019 1622">
    <p class='ocr_par' dir='ltr' id='par_1_4' title="bbox 224 783 876 865">
     <span class='ocr_line' id='line_1_5' title="bbox 224 783 876 865; baseline -0.005 -20"><span class='ocrx_word' id='word_1_19' title='bbox 224 783 441 865; x_wconf 69' lang='lat' dir='ltr'><strong>Apollinarem</strong></span> <span class='ocrx_word' id='word_1_20' title='bbox 457 784 588 845; x_wconf 82' lang='lat' dir='ltr'><strong>conveni</strong></span> <span class='ocrx_word' id='word_1_21' title='bbox 599 801 718 860; x_wconf 89' lang='lat' dir='ltr'><strong>meum,</strong></span> <span class='ocrx_word' id='word_1_22' title='bbox 740 783 876 860; x_wconf 76' lang='lat' dir='ltr'><strong>scazon,</strong></span> 
     </span>
    </p>

    <p class='ocr_par' dir='ltr' id='par_1_5' title="bbox 224 864 853 946">
     <span class='ocr_line' id='line_1_6' title="bbox 224 864 853 946; baseline -0.005 -17"><span class='ocrx_word' id='word_1_23' title='bbox 224 870 266 929; x_wconf 83' lang='lat' dir='ltr'><strong>Et</strong></span> <span class='ocrx_word' id='word_1_24' title='bbox 280 871 307 929; x_wconf 88' lang='lat' dir='ltr'><strong>si</strong></span> <span class='ocrx_word' id='word_1_25' title='bbox 319 870 458 946; x_wconf 87' lang='lat' dir='ltr'><strong>vacabit,</strong></span> <span class='ocrx_word' id='word_1_26' title='bbox 480 886 521 928; x_wconf 88' lang='lat' dir='ltr'><strong>ne</strong></span> <span class='ocrx_word' id='word_1_27' title='bbox 539 865 691 928; x_wconf 84' lang='lat' dir='ltr'><strong>molestus</strong></span> <span class='ocrx_word' id='word_1_28' title='bbox 706 864 853 945; x_wconf 85' lang='lat' dir='ltr'><strong>accedas,</strong></span> 
     </span>
    </p>

    <p class='ocr_par' dir='ltr' id='par_1_6' title="bbox 224 949 1019 1033">
     <span class='ocr_line' id='line_1_7' title="bbox 224 949 1019 1033; baseline 0 -20"><span class='ocrx_word' id='word_1_29' title='bbox 224 953 294 1013; x_wconf 87' lang='lat' dir='ltr'><strong>Hoc</strong></span> <span class='ocrx_word' id='word_1_30' title='bbox 308 950 543 1033; x_wconf 87' lang='lat' dir='ltr'><strong>qualecunque,</strong></span> <span class='ocrx_word' id='word_1_31' title='bbox 566 953 654 1012; x_wconf 80' lang='lat' dir='ltr'><strong>cuius</strong></span> <span class='ocrx_word' id='word_1_32' title='bbox 668 949 771 1030; x_wconf 87' lang='lat' dir='ltr'><strong>aliqua</strong></span> <span class='ocrx_word' id='word_1_33' title='bbox 783 970 858 1031; x_wconf 87' lang='lat' dir='ltr'><strong>pars</strong></span> <span class='ocrx_word' id='word_1_34' title='bbox 870 952 940 1033; x_wconf 83' lang='lat' dir='ltr'><strong>ipse</strong></span> <span class='ocrx_word' id='word_1_35' title='bbox 952 963 1019 1030; x_wconf 82' lang='lat' dir='ltr'><strong>est,</strong></span> 
     </span>
    </p>

    <p class='ocr_par' dir='ltr' id='par_1_7' title="bbox 132 1036 960 1099">
     <span class='ocr_line' id='line_1_8' title="bbox 132 1036 960 1099; baseline 0 -1"><span class='ocrx_word' id='word_1_36' title='bbox 132 1058 137 1077; x_wconf 73' lang='lat'><strong>⁴</strong></span> <span class='ocrx_word' id='word_1_37' title='bbox 225 1036 334 1098; x_wconf 83' lang='lat' dir='ltr'><strong>Dabis:</strong></span> <span class='ocrx_word' id='word_1_38' title='bbox 355 1037 416 1097; x_wconf 89' lang='lat' dir='ltr'><strong>boc</strong></span> <span class='ocrx_word' id='word_1_39' title='bbox 432 1036 554 1097; x_wconf 79' lang='lat' dir='ltr'><strong>facetae</strong></span> <span class='ocrx_word' id='word_1_40' title='bbox 569 1054 695 1096; x_wconf 85' lang='lat' dir='ltr'><strong>carmen</strong></span> <span class='ocrx_word' id='word_1_41' title='bbox 708 1036 847 1095; x_wconf 88' lang='lat' dir='ltr'><strong>imbuant</strong></span> <span class='ocrx_word' id='word_1_42' title='bbox 861 1055 960 1099; x_wconf 83' lang='lat' dir='ltr'><strong>aurea.</strong></span> 
     </span>
    </p>

    <p class='ocr_par' dir='ltr' id='par_1_8' title="bbox 228 1118 843 1201">
     <span class='ocr_line' id='line_1_9' title="bbox 228 1118 843 1201; baseline -0.007 -20"><span class='ocrx_word' id='word_1_43' title='bbox 228 1122 262 1182; x_wconf 89' lang='lat' dir='ltr'><strong>Si</strong></span> <span class='ocrx_word' id='word_1_44' title='bbox 277 1130 309 1181; x_wconf 87' lang='lat' dir='ltr'><strong>te</strong></span> <span class='ocrx_word' id='word_1_45' title='bbox 326 1126 490 1201; x_wconf 89' lang='lat' dir='ltr'><strong>receptum</strong></span> <span class='ocrx_word' id='word_1_46' title='bbox 507 1121 616 1179; x_wconf 88' lang='lat' dir='ltr'><strong>fronte</strong></span> <span class='ocrx_word' id='word_1_47' title='bbox 630 1118 747 1179; x_wconf 81' lang='lat' dir='ltr'><strong>rideris</strong></span> <span class='ocrx_word' id='word_1_48' title='bbox 760 1125 843 1197; x_wconf 85' lang='lat' dir='ltr'><strong>tota,</strong></span> 
     </span>
    </p>

    <p class='ocr_par' dir='ltr' id='par_1_9' title="bbox 225 1204 798 1284">
     <span class='ocr_line' id='line_1_10' title="bbox 225 1204 798 1284; baseline -0.003 -18"><span class='ocrx_word' id='word_1_49' title='bbox 225 1204 306 1266; x_wconf 86' lang='lat' dir='ltr'><strong>Noto</strong></span> <span class='ocrx_word' id='word_1_50' title='bbox 321 1206 447 1284; x_wconf 77' lang='lat' dir='ltr'><strong>rogabis</strong></span> <span class='ocrx_word' id='word_1_51' title='bbox 461 1210 498 1265; x_wconf 91' lang='lat' dir='ltr'><strong>ut</strong></span> <span class='ocrx_word' id='word_1_52' title='bbox 512 1204 621 1264; x_wconf 83' lang='lat' dir='ltr'><strong>lavore</strong></span> <span class='ocrx_word' id='word_1_53' title='bbox 633 1209 798 1264; x_wconf 86' lang='lat' dir='ltr'><strong>sustentet.</strong></span> 
     </span>
    </p>

    <p class='ocr_par' dir='ltr' id='par_1_10' title="bbox 228 1289 912 1367">
     <span class='ocr_line' id='line_1_11' title="bbox 228 1289 912 1367; baseline -0.006 -18"><span class='ocrx_word' id='word_1_54' title='bbox 228 1290 349 1365; x_wconf 76' lang='lat' dir='ltr'><strong>Quanto</strong></span> <span class='ocrx_word' id='word_1_55' title='bbox 364 1306 520 1367; x_wconf 88' lang='lat' dir='ltr'><strong>mearum,</strong></span> <span class='ocrx_word' id='word_1_56' title='bbox 542 1289 621 1367; x_wconf 84' lang='lat' dir='ltr'><strong>scis,</strong></span> <span class='ocrx_word' id='word_1_57' title='bbox 643 1304 750 1347; x_wconf 86' lang='lat' dir='ltr'><strong>amore</strong></span> <span class='ocrx_word' id='word_1_58' title='bbox 763 1304 912 1365; x_wconf 77' lang='lat' dir='ltr'><strong>nugarum</strong></span> 
     </span>
    </p>

    <p class='ocr_par' dir='ltr' id='par_1_11' title="bbox 225 1371 933 1453">
     <span class='ocr_line' id='line_1_12' title="bbox 225 1371 933 1453; baseline -0.004 -19"><span class='ocrx_word' id='word_1_59' title='bbox 225 1373 368 1453; x_wconf 79' lang='lat' dir='ltr'><strong>Flagret:</strong></span> <span class='ocrx_word' id='word_1_60' title='bbox 388 1390 448 1453; x_wconf 82' lang='lat' dir='ltr'><strong>nec</strong></span> <span class='ocrx_word' id='word_1_61' title='bbox 462 1375 534 1453; x_wconf 85' lang='lat' dir='ltr'><strong>ipse</strong></span> <span class='ocrx_word' id='word_1_62' title='bbox 546 1371 619 1453; x_wconf 89' lang='lat' dir='ltr'><strong>plus</strong></span> <span class='ocrx_word' id='word_1_63' title='bbox 633 1390 737 1431; x_wconf 90' lang='lat' dir='ltr'><strong>amare</strong></span> <span class='ocrx_word' id='word_1_64' title='bbox 751 1376 785 1430; x_wconf 91' lang='lat' dir='ltr'><strong>te</strong></span> <span class='ocrx_word' id='word_1_65' title='bbox 798 1390 933 1451; x_wconf 87' lang='lat' dir='ltr'><strong>possum.</strong></span> 
     </span>
    </p>

    <p class='ocr_par' dir='ltr' id='par_1_12' title="bbox 186 1454 866 1622">
     <span class='ocr_line' id='line_1_13' title="bbox 227 1454 856 1535; baseline -0.01 -16"><span class='ocrx_word' id='word_1_66' title='bbox 227 1459 344 1519; x_wconf 82' lang='lat' dir='ltr'><strong>Contra</strong></span> <span class='ocrx_word' id='word_1_67' title='bbox 357 1456 509 1535; x_wconf 79' lang='lat' dir='ltr'><strong>malignos</strong></span> <span class='ocrx_word' id='word_1_68' title='bbox 528 1476 597 1517; x_wconf 83' lang='lat' dir='ltr'><strong>esse</strong></span> <span class='ocrx_word' id='word_1_69' title='bbox 613 1458 640 1516; x_wconf 89' lang='lat' dir='ltr'><strong>ai</strong></span> <span class='ocrx_word' id='word_1_70' title='bbox 654 1454 742 1515; x_wconf 80' lang='lat' dir='ltr'><strong>voles</strong></span> <span class='ocrx_word' id='word_1_71' title='bbox 756 1461 856 1532; x_wconf 83' lang='lat' dir='ltr'><strong>tutus,</strong></span> 
     </span>
     <span class='ocr_line' id='line_1_14' title="bbox 186 1538 866 1622; baseline -0.009 -17"><span class='ocrx_word' id='word_1_72' title='bbox 186 1540 437 1622; x_wconf 79' lang='lat' dir='ltr'><strong>10Apolliuarem</strong></span> <span class='ocrx_word' id='word_1_73' title='bbox 452 1542 585 1602; x_wconf 77' lang='lat' dir='ltr'>conveni</span> <span class='ocrx_word' id='word_1_74' title='bbox 600 1558 717 1618; x_wconf 89' lang='lat' dir='ltr'><strong>meum,</strong></span> <span class='ocrx_word' id='word_1_75' title='bbox 740 1538 866 1599; x_wconf 83' lang='lat' dir='ltr'><strong>Scaaon.</strong></span> 
     </span>
    </p>
   </div>
   <div class='ocr_carea' id='block_1_5' title="bbox 229 1688 1007 1885">
    <p class='ocr_par' dir='ltr' id='par_1_13' title="bbox 229 1688 1007 1885">
     <span class='ocr_line' id='line_1_15' title="bbox 607 1688 731 1767; baseline 0 -18"><span class='ocrx_word' id='word_1_76' title='bbox 607 1688 731 1767; x_wconf 71' lang='lat' dir='ltr'><strong>xxvii.</strong></span> 
     </span>
     <span class='ocr_line' id='line_1_16' title="bbox 229 1780 1007 1885; baseline 0 -22"><span class='ocrx_word' id='word_1_77' title='bbox 229 1802 351 1865; x_wconf 84' lang='lat' dir='ltr'><strong>Tuscae</strong></span> <span class='ocrx_word' id='word_1_78' title='bbox 368 1802 489 1885; x_wconf 83' lang='lat' dir='ltr'><strong>glandis</strong></span> <span class='ocrx_word' id='word_1_79' title='bbox 505 1824 581 1885; x_wconf 89' lang='lat' dir='ltr'><strong>aper</strong></span> <span class='ocrx_word' id='word_1_80' title='bbox 595 1802 761 1885; x_wconf 74' lang='lat' dir='ltr'><strong>populator</strong></span> <span class='ocrx_word' id='word_1_81' title='bbox 777 1810 811 1863; x_wconf 88' lang='lat' dir='ltr'><strong>et</strong></span> <span class='ocrx_word' id='word_1_82' title='bbox 823 1800 897 1863; x_wconf 88' lang='lat' dir='ltr'><strong>ilice</strong></span> <span class='ocrx_word' id='word_1_83' title='bbox 911 1780 1007 1865; x_wconf 84' lang='lat' dir='ltr'><strong>multa</strong></span> 
     </span>
    </p>
   </div>
   <div class='ocr_carea' id='block_1_6' title="bbox 191 1885 1086 2643">
    <p class='ocr_par' dir='ltr' id='par_1_14' title="bbox 191 1885 1086 2643">
     <span class='ocr_line' id='line_1_17' title="bbox 271 1885 1086 1971; baseline 0.001 -24"><span class='ocrx_word' id='word_1_84' title='bbox 271 1888 378 1949; x_wconf 79' lang='lat' dir='ltr'><strong>lam¹</strong></span> <span class='ocrx_word' id='word_1_85' title='bbox 346 1908 454 1971; x_wconf 77' lang='lat' dir='ltr'><strong>puger,</strong></span> <span class='ocrx_word' id='word_1_86' title='bbox 476 1888 608 1949; x_wconf 84' lang='lat' dir='ltr'><strong>Aetolae</strong></span> <span class='ocrx_word' id='word_1_87' title='bbox 623 1889 706 1948; x_wconf 86' lang='lat' dir='ltr'><strong>fama</strong></span> <span class='ocrx_word' id='word_1_88' title='bbox 726 1885 863 1947; x_wconf 86' lang='lat' dir='ltr'><strong>secunda</strong></span> <span class='ocrx_word' id='word_1_89' title='bbox 876 1886 984 1966; x_wconf 85' lang='lat' dir='ltr'><strong>ferae,</strong></span> <span class='ocrx_word' id='word_1_90' title='bbox 1083 1956 1086 1960; x_wconf 62' lang='lat'><em>,</em></span> 
     </span>
     <span class='ocr_line' id='line_1_18' title="bbox 230 1969 1060 2055; baseline 0.001 -24"><span class='ocrx_word' id='word_1_91' title='bbox 230 1972 328 2047; x_wconf 77' lang='lat' dir='ltr'><strong>Quem</strong></span> <span class='ocrx_word' id='word_1_92' title='bbox 342 1992 428 2034; x_wconf 85' lang='lat' dir='ltr'><strong>meua</strong></span> <span class='ocrx_word' id='word_1_93' title='bbox 443 1974 570 2033; x_wconf 86' lang='lat' dir='ltr'><strong>intravit</strong></span> <span class='ocrx_word' id='word_1_94' title='bbox 584 1969 764 2053; x_wconf 80' lang='lat' dir='ltr'><strong>splendenti</strong></span> <span class='ocrx_word' id='word_1_95' title='bbox 778 1969 907 2052; x_wconf 82' lang='lat' dir='ltr'><strong>cuspide</strong></span> <span class='ocrx_word' id='word_1_96' title='bbox 922 1972 1060 2055; x_wconf 80' lang='lat' dir='ltr'><strong>Dexter,</strong></span> 
     </span>
     <span class='ocr_line' id='line_1_19' title="bbox 270 2054 887 2117; baseline -0.003 -2"><span class='ocrx_word' id='word_1_97' title='bbox 270 2056 391 2117; x_wconf 85' lang='lat' dir='ltr'><strong>Praeda</strong></span> <span class='ocrx_word' id='word_1_98' title='bbox 407 2059 489 2117; x_wconf 87' lang='lat' dir='ltr'><strong>iacet</strong></span> <span class='ocrx_word' id='word_1_99' title='bbox 503 2058 619 2117; x_wconf 89' lang='lat' dir='ltr'><strong>nostris</strong></span> <span class='ocrx_word' id='word_1_100' title='bbox 634 2054 785 2116; x_wconf 83' lang='lat' dir='ltr'><strong>invidiosa</strong></span> <span class='ocrx_word' id='word_1_101' title='bbox 797 2056 887 2117; x_wconf 83' lang='lat' dir='ltr'><strong>focis.</strong></span> 
     </span>
     <span class='ocr_line' id='line_1_20' title="bbox 208 2138 938 2240; baseline -0.003 -39"><span class='ocrx_word' id='word_1_102' title='bbox 208 2140 439 2219; x_wconf 81' lang='lat' dir='ltr'><strong>5Pinguescant</strong></span> <span class='ocrx_word' id='word_1_103' title='bbox 452 2139 567 2200; x_wconf 82' lang='lat' dir='ltr'><strong>madidi</strong></span> <span class='ocrx_word' id='word_1_104' title='bbox 580 2139 666 2201; x_wconf 90' lang='lat' dir='ltr'><strong>laeto</strong></span> <span class='ocrx_word' id='word_1_105' title='bbox 681 2138 793 2199; x_wconf 89' lang='lat' dir='ltr'><strong>nidore</strong></span> <span class='ocrx_word' id='word_1_106' title='bbox 802 2145 938 2240; x_wconf 82' lang='lat' dir='ltr'><strong>penates</strong></span> 
     </span>
     <span class='ocr_line' id='line_1_21' title="bbox 271 2222 881 2304; baseline 0 -21"><span class='ocrx_word' id='word_1_107' title='bbox 271 2223 401 2304; x_wconf 81' lang='lat' dir='ltr'><strong>Flagret</strong></span> <span class='ocrx_word' id='word_1_108' title='bbox 414 2231 447 2285; x_wconf 87' lang='lat' dir='ltr'><strong>et</strong></span> <span class='ocrx_word' id='word_1_109' title='bbox 465 2226 568 2285; x_wconf 85' lang='lat' dir='ltr'><strong>exciso</strong></span> <span class='ocrx_word' id='word_1_110' title='bbox 584 2226 666 2284; x_wconf 87' lang='lat' dir='ltr'><strong>festa</strong></span> <span class='ocrx_word' id='word_1_111' title='bbox 685 2222 810 2283; x_wconf 90' lang='lat' dir='ltr'><strong>culina</strong></span> <span class='ocrx_word' id='word_1_112' title='bbox 800 2241 881 2303; x_wconf 80' lang='lat' dir='ltr'><strong>rugo.</strong></span> 
     </span>
     <span class='ocr_line' id='line_1_22' title="bbox 232 2302 1051 2390; baseline -0.002 -22"><span class='ocrx_word' id='word_1_113' title='bbox 232 2307 296 2368; x_wconf 88' lang='lat' dir='ltr'><strong>Sed</strong></span> <span class='ocrx_word' id='word_1_114' title='bbox 310 2328 401 2368; x_wconf 90' lang='lat' dir='ltr'><strong>cocus</strong></span> <span class='ocrx_word' id='word_1_115' title='bbox 416 2310 576 2389; x_wconf 80' lang='lat' dir='ltr'><strong>ingentem</strong></span> <span class='ocrx_word' id='word_1_116' title='bbox 590 2302 712 2390; x_wconf 83' lang='lat' dir='ltr'><strong>piperis</strong></span> <span class='ocrx_word' id='word_1_117' title='bbox 727 2312 889 2367; x_wconf 79' lang='lat' dir='ltr'><strong>consumet</strong></span> <span class='ocrx_word' id='word_1_118' title='bbox 904 2326 1051 2367; x_wconf 73' lang='lat' dir='ltr'><strong>acervum</strong></span> 
     </span>
     <span class='ocr_line' id='line_1_23' title="bbox 272 2391 906 2471; baseline 0.006 -21"><span class='ocrx_word' id='word_1_119' title='bbox 272 2391 378 2452; x_wconf 78' lang='lat' dir='ltr'><strong>Addet</strong></span> <span class='ocrx_word' id='word_1_120' title='bbox 391 2399 424 2453; x_wconf 90' lang='lat' dir='ltr'><strong>et</strong></span> <span class='ocrx_word' id='word_1_121' title='bbox 439 2413 551 2455; x_wconf 89' lang='lat' dir='ltr'><strong>arcano</strong></span> <span class='ocrx_word' id='word_1_122' title='bbox 566 2396 660 2453; x_wconf 78' lang='lat' dir='ltr'><strong>mixta</strong></span> <span class='ocrx_word' id='word_1_123' title='bbox 672 2391 808 2453; x_wconf 84' lang='lat' dir='ltr'><strong>Falerna</strong></span> <span class='ocrx_word' id='word_1_124' title='bbox 822 2411 906 2471; x_wconf 84' lang='lat' dir='ltr'><strong>garo.</strong></span> 
     </span>
     <span class='ocr_line' id='line_1_24' title="bbox 231 2475 1070 2557; baseline 0.001 -21"><span class='ocrx_word' id='word_1_125' title='bbox 231 2475 282 2536; x_wconf 80' lang='lat' dir='ltr'><strong>Ad</strong></span> <span class='ocrx_word' id='word_1_126' title='bbox 297 2475 453 2537; x_wconf 88' lang='lat' dir='ltr'><strong>dominum</strong></span> <span class='ocrx_word' id='word_1_127' title='bbox 469 2475 598 2557; x_wconf 84' lang='lat' dir='ltr'><strong>redeas,</strong></span> <span class='ocrx_word' id='word_1_128' title='bbox 620 2484 729 2538; x_wconf 80' lang='lat' dir='ltr'><strong>noster</strong></span> <span class='ocrx_word' id='word_1_129' title='bbox 743 2483 775 2536; x_wconf 90' lang='lat' dir='ltr'><strong>te</strong></span> <span class='ocrx_word' id='word_1_130' title='bbox 790 2496 853 2536; x_wconf 88' lang='lat' dir='ltr'><strong>non</strong></span> <span class='ocrx_word' id='word_1_131' title='bbox 867 2476 951 2557; x_wconf 90' lang='lat' dir='ltr'><strong>capit</strong></span> <span class='ocrx_word' id='word_1_132' title='bbox 967 2476 1070 2555; x_wconf 82' lang='lat' dir='ltr'><strong>ignia,</strong></span> 
     </span>
     <span class='ocr_line' id='line_1_25' title="bbox 191 2560 833 2643; baseline 0 -22"><span class='ocrx_word' id='word_1_133' title='bbox 191 2570 225 2623; x_wconf 87' lang='lat'><strong>10</strong></span> <span class='ocrx_word' id='word_1_134' title='bbox 273 2561 484 2621; x_wconf 80' lang='lat' dir='ltr'><strong>Conturbator</strong></span> <span class='ocrx_word' id='word_1_135' title='bbox 499 2579 589 2643; x_wconf 89' lang='lat' dir='ltr'><strong>aper:</strong></span> <span class='ocrx_word' id='word_1_136' title='bbox 611 2560 703 2621; x_wconf 81' lang='lat' dir='ltr'><strong>vilius</strong></span> <span class='ocrx_word' id='word_1_137' title='bbox 720 2562 833 2621; x_wconf 86' lang='lat' dir='ltr'><strong>esurio.</strong></span> 
     </span>
    </p>
   </div>
   <div class='ocr_carea' id='block_1_7' title="bbox 601 2696 738 2758">
    <p class='ocr_par' dir='ltr' id='par_1_15' title="bbox 601 2696 738 2758">
     <span class='ocr_line' id='line_1_26' title="bbox 601 2696 738 2758; baseline -0.015 -2"><span class='ocrx_word' id='word_1_138' title='bbox 601 2696 738 2758; x_wconf 85' lang='lat' dir='ltr'><strong>XXVlii.</strong></span> 
     </span>
    </p>
   </div>
   <div class='ocr_carea' id='block_1_8' title="bbox 194 2806 1106 3646">
    <p class='ocr_par' dir='ltr' id='par_1_16' title="bbox 232 2806 1106 2974">
     <span class='ocr_line' id='line_1_27' title="bbox 232 2806 914 2869; baseline -0.003 0"><span class='ocrx_word' id='word_1_139' title='bbox 232 2808 285 2869; x_wconf 87' lang='lat' dir='ltr'><strong>Sic</strong></span> <span class='ocrx_word' id='word_1_140' title='bbox 301 2806 485 2869; x_wconf 83' lang='lat' dir='ltr'><strong>Tiburtinae</strong></span> <span class='ocrx_word' id='word_1_141' title='bbox 502 2815 623 2868; x_wconf 88' lang='lat' dir='ltr'><strong>crescat</strong></span> <span class='ocrx_word' id='word_1_142' title='bbox 636 2810 694 2868; x_wconf 91' lang='lat' dir='ltr'><strong>tibi</strong></span> <span class='ocrx_word' id='word_1_143' title='bbox 709 2808 785 2869; x_wconf 87' lang='lat' dir='ltr'><strong>silva</strong></span> <span class='ocrx_word' id='word_1_144' title='bbox 798 2809 914 2869; x_wconf 82' lang='lat' dir='ltr'><strong>Dianae</strong></span> 
     </span>
     <span class='ocr_line' id='line_1_28' title="bbox 273 2891 1106 2974; baseline 0.001 -24"><span class='ocrx_word' id='word_1_145' title='bbox 273 2891 316 2951; x_wconf 84' lang='grc' dir='ltr'><strong>Ει</strong></span> <span class='ocrx_word' id='word_1_146' title='bbox 328 2900 481 2973; x_wconf 84' lang='lat' dir='ltr'><strong>properet</strong></span> <span class='ocrx_word' id='word_1_147' title='bbox 494 2911 616 2952; x_wconf 88' lang='lat' dir='ltr'><strong>caesum</strong></span> <span class='ocrx_word' id='word_1_148' title='bbox 631 2911 725 2973; x_wconf 86' lang='lat' dir='ltr'><strong>saepe</strong></span> <span class='ocrx_word' id='word_1_149' title='bbox 739 2892 847 2953; x_wconf 88' lang='lat' dir='ltr'><strong>redire</strong></span> <span class='ocrx_word' id='word_1_150' title='bbox 860 2911 985 2970; x_wconf 87' lang='lat' dir='ltr'><strong>nemus,</strong></span> <span class='ocrx_word' id='word_1_151' title='bbox 1101 2966 1106 2974; x_wconf 29' lang='grc' dir='ltr'>Ι</span> 
     </span>
    </p>

    <p class='ocr_par' dir='ltr' id='par_1_17' title="bbox 232 2973 1015 3137">
     <span class='ocr_line' id='line_1_29' title="bbox 232 2973 1015 3056; baseline -0.001 -21"><span class='ocrx_word' id='word_1_152' title='bbox 232 2973 298 3035; x_wconf 87' lang='lat' dir='ltr'><strong>Nec</strong></span> <span class='ocrx_word' id='word_1_153' title='bbox 315 2976 519 3038; x_wconf 85' lang='lat' dir='ltr'><strong>Tartessiacis</strong></span> <span class='ocrx_word' id='word_1_154' title='bbox 532 2975 718 3054; x_wconf 68' lang='lat' dir='ltr'><strong>Panasion,</strong></span> <span class='ocrx_word' id='word_1_155' title='bbox 739 2977 860 3054; x_wconf 81' lang='lat' dir='ltr'><strong>Fusco,</strong></span> <span class='ocrx_word' id='word_1_156' title='bbox 879 2976 1015 3056; x_wconf 87' lang='lat' dir='ltr'><strong>trapetis</strong></span> 
     </span>
     <span class='ocr_line' id='line_1_30' title="bbox 277 3057 1012 3137; baseline 0.001 -19"><span class='ocrx_word' id='word_1_157' title='bbox 277 3057 376 3120; x_wconf 83' lang='lat' dir='ltr'><strong>Cedat</strong></span> <span class='ocrx_word' id='word_1_158' title='bbox 390 3068 424 3120; x_wconf 89' lang='lat' dir='ltr'><strong>et</strong></span> <span class='ocrx_word' id='word_1_159' title='bbox 435 3059 592 3120; x_wconf 89' lang='lat' dir='ltr'><strong>immodici</strong></span> <span class='ocrx_word' id='word_1_160' title='bbox 608 3059 685 3120; x_wconf 86' lang='lat' dir='ltr'><strong>dent</strong></span> <span class='ocrx_word' id='word_1_161' title='bbox 700 3063 781 3121; x_wconf 92' lang='lat' dir='ltr'><strong>bona</strong></span> <span class='ocrx_word' id='word_1_162' title='bbox 793 3066 892 3120; x_wconf 84' lang='lat' dir='ltr'><strong>musta</strong></span> <span class='ocrx_word' id='word_1_163' title='bbox 905 3059 1012 3137; x_wconf 82' lang='lat' dir='ltr'><strong>lacua3</strong></span> 
     </span>
    </p>

    <p class='ocr_par' dir='ltr' id='par_1_18' title="bbox 213 3142 1050 3225">
     <span class='ocr_line' id='line_1_31' title="bbox 213 3142 1050 3225; baseline 0.001 -19"><span class='ocrx_word' id='word_1_164' title='bbox 213 3142 288 3206; x_wconf 69' lang='lat' dir='ltr'><strong>isio</strong></span> <span class='ocrx_word' id='word_1_165' title='bbox 301 3142 370 3203; x_wconf 86' lang='lat' dir='ltr'><strong>fora</strong></span> <span class='ocrx_word' id='word_1_166' title='bbox 384 3146 553 3221; x_wconf 77' lang='lat' dir='ltr'><strong>mirentur,</strong></span> <span class='ocrx_word' id='word_1_167' title='bbox 577 3145 621 3204; x_wconf 89' lang='lat' dir='ltr'><strong>sic</strong></span> <span class='ocrx_word' id='word_1_168' title='bbox 636 3149 669 3204; x_wconf 90' lang='lat' dir='ltr'><strong>te</strong></span> <span class='ocrx_word' id='word_1_169' title='bbox 684 3144 797 3225; x_wconf 86' lang='lat' dir='ltr'><strong>palatia</strong></span> <span class='ocrx_word' id='word_1_170' title='bbox 810 3143 940 3205; x_wconf 85' lang='lat' dir='ltr'><strong>laudent</strong></span> <span class='ocrx_word' id='word_1_171' title='bbox 1043 3196 1050 3207; x_wconf 92' lang='lat'>.</span> 
     </span>
    </p>

    <p class='ocr_par' dir='ltr' id='par_1_19' title="bbox 277 3212 983 3308">
     <span class='ocr_line' id='line_1_32' title="bbox 277 3212 983 3308; baseline 0.001 -22"><span class='ocrx_word' id='word_1_172' title='bbox 277 3225 406 3288; x_wconf 82' lang='lat' dir='ltr'><strong>Excolat</strong></span> <span class='ocrx_word' id='word_1_173' title='bbox 420 3235 453 3289; x_wconf 88' lang='lat' dir='ltr'><strong>et</strong></span> <span class='ocrx_word' id='word_1_174' title='bbox 466 3230 601 3307; x_wconf 80' lang='lat' dir='ltr'><strong>geminas</strong></span> <span class='ocrx_word' id='word_1_175' title='bbox 592 3212 751 3308; x_wconf 88' lang='lat' dir='ltr'><strong>plurima</strong></span> <span class='ocrx_word' id='word_1_176' title='bbox 764 3227 867 3308; x_wconf 91' lang='lat' dir='ltr'><strong>palma</strong></span> <span class='ocrx_word' id='word_1_177' title='bbox 881 3228 983 3287; x_wconf 82' lang='lat' dir='ltr'><strong>iores.</strong></span> 
     </span>
    </p>

    <p class='ocr_par' dir='ltr' id='par_1_20' title="bbox 234 3309 1071 3477">
     <span class='ocr_line' id='line_1_33' title="bbox 234 3309 1071 3393; baseline 0.002 -22"><span class='ocrx_word' id='word_1_178' title='bbox 234 3311 305 3371; x_wconf 86' lang='lat' dir='ltr'><strong>Otia</strong></span> <span class='ocrx_word' id='word_1_179' title='bbox 321 3309 392 3372; x_wconf 91' lang='lat' dir='ltr'><strong>dum</strong></span> <span class='ocrx_word' id='word_1_180' title='bbox 406 3313 525 3373; x_wconf 88' lang='lat' dir='ltr'><strong>medius</strong></span> <span class='ocrx_word' id='word_1_181' title='bbox 538 3318 678 3393; x_wconf 84' lang='lat' dir='ltr'><strong>praestat</strong></span> <span class='ocrx_word' id='word_1_182' title='bbox 692 3314 750 3372; x_wconf 89' lang='lat' dir='ltr'><strong>tibi</strong></span> <span class='ocrx_word' id='word_1_183' title='bbox 767 3332 860 3393; x_wconf 81' lang='lat' dir='ltr'><strong>parra</strong></span> <span class='ocrx_word' id='word_1_184' title='bbox 877 3310 1071 3393; x_wconf 87' lang='lat' dir='ltr'><strong>December,</strong></span> 
     </span>
     <span class='ocr_line' id='line_1_34' title="bbox 275 3394 998 3477; baseline 0.003 -22"><span class='ocrx_word' id='word_1_185' title='bbox 275 3394 390 3474; x_wconf 79' lang='lat' dir='ltr'><strong>Exige,</strong></span> <span class='ocrx_word' id='word_1_186' title='bbox 411 3396 467 3457; x_wconf 86' lang='lat' dir='ltr'><strong>sed</strong></span> <span class='ocrx_word' id='word_1_187' title='bbox 482 3404 584 3475; x_wconf 77' lang='lat' dir='ltr'><strong>certe,</strong></span> <span class='ocrx_word' id='word_1_188' title='bbox 608 3416 684 3477; x_wconf 87' lang='lat' dir='ltr'><strong>quos</strong></span> <span class='ocrx_word' id='word_1_189' title='bbox 697 3396 794 3476; x_wconf 82' lang='lat' dir='ltr'><strong>legis,</strong></span> <span class='ocrx_word' id='word_1_190' title='bbox 814 3416 888 3457; x_wconf 89' lang='lat' dir='ltr'><strong>aure</strong></span> <span class='ocrx_word' id='word_1_191' title='bbox 902 3397 998 3457; x_wconf 80' lang='lat' dir='ltr'><strong>iocos.</strong></span> 
     </span>
    </p>

    <p class='ocr_par' dir='ltr' id='par_1_21' title="bbox 235 3478 1105 3559">
     <span class='ocr_line' id='line_1_35' title="bbox 235 3478 1105 3559; baseline 0.001 -19"><span class='ocrx_word' id='word_1_192' title='bbox 235 3479 346 3559; x_wconf 85' lang='lat' dir='ltr'><strong>„Scire</strong></span> <span class='ocrx_word' id='word_1_193' title='bbox 360 3478 440 3541; x_wconf 88' lang='lat' dir='ltr'><strong>libet</strong></span> <span class='ocrx_word' id='word_1_194' title='bbox 454 3482 582 3541; x_wconf 71' lang='lat' dir='ltr'><strong>verum?</strong></span> <span class='ocrx_word' id='word_1_195' title='bbox 603 3500 656 3541; x_wconf 86' lang='lat' dir='ltr'><strong>rea</strong></span> <span class='ocrx_word' id='word_1_196' title='bbox 671 3486 720 3541; x_wconf 83' lang='lat' dir='ltr'><strong>est</strong></span> <span class='ocrx_word' id='word_1_197' title='bbox 734 3482 813 3540; x_wconf 89' lang='lat' dir='ltr'><strong>baec</strong></span> <span class='ocrx_word' id='word_1_198' title='bbox 828 3478 956 3547; x_wconf 57' lang='grc' dir='ltr'><strong>ιιιιιιιιιέι</strong></span> <span class='ocrx_word' id='word_1_199' title='bbox 979 3479 1055 3558; x_wconf 31' lang='lat' dir='ltr'><strong>‚Sed</strong></span> <span class='ocrx_word' id='word_1_200' title='bbox 1070 3486 1105 3541; x_wconf 82' lang='lat' dir='ltr'><strong>tn</strong></span> 
     </span>
    </p>

    <p class='ocr_par' dir='ltr' id='par_1_22' title="bbox 194 3561 996 3646">
     <span class='ocr_line' id='line_1_36' title="bbox 194 3561 996 3646; baseline 0.001 -20"><span class='ocrx_word' id='word_1_201' title='bbox 194 3574 226 3626; x_wconf 81' lang='lat'><strong>15</strong></span> <span class='ocrx_word' id='word_1_202' title='bbox 276 3561 365 3639; x_wconf 77' lang='lat' dir='ltr'><strong>Quod</strong></span> <span class='ocrx_word' id='word_1_203' title='bbox 382 3564 440 3623; x_wconf 88' lang='lat' dir='ltr'><strong>tibi</strong></span> <span class='ocrx_word' id='word_1_204' title='bbox 453 3566 498 3624; x_wconf 82' lang='lat' dir='ltr'><strong>vis</strong></span> <span class='ocrx_word' id='word_1_205' title='bbox 513 3562 590 3643; x_wconf 91' lang='lat' dir='ltr'><strong>dici,</strong></span> <span class='ocrx_word' id='word_1_206' title='bbox 614 3564 737 3644; x_wconf 86' lang='lat' dir='ltr'><strong>dicere,</strong></span> <span class='ocrx_word' id='word_1_207' title='bbox 755 3565 874 3643; x_wconf 81' lang='lat' dir='ltr'><strong>Fusco,</strong></span> <span class='ocrx_word' id='word_1_208' title='bbox 894 3571 996 3646; x_wconf 86' lang='lat' dir='ltr'><strong>potes.</strong></span> 
     </span>
    </p>
   </div>
   <div class='ocr_carea' id='block_1_9' title="bbox 0 0 1235 4209">
    <p class='ocr_par' dir='ltr' id='par_1_23' title="bbox 0 0 1235 4209">
     <span class='ocr_line' id='line_1_37' title="bbox 0 0 1235 4209; baseline 0 0"><span class='ocrx_word' id='word_1_209' title='bbox 0 0 1235 4209; x_wconf 95' lang='lat' dir='ltr'><strong> </strong></span> 
     </span>
    </p>
   </div>
  </div>
 </body>
</html>
