2442 4209
158 256 225 321 248
486 254 529 317 M.
547 256 639 318 VAL.
655 254 882 316 MARTIALIS

246 412 288 470 Et
301 429 403 471 secum
419 410 562 469 comitem
577 408 683 469 trahet
696 406 855 488 pudorem.

248 496 377 574 Semper
391 494 558 574 pauperior
572 491 657 551 redit
669 498 817 572 potestas.

225 578 337 640 oralia
352 578 506 637 auriferae
521 575 631 637 colone
644 581 765 652 terrac,

246 662 417 723 Rectorem
425 680 519 721 vacuo
534 661 603 720 sinu
616 662 760 720 remittes
820 668 835 691 ·'

246 747 436 824 Optabisque
452 764 569 821 moras,
591 751 625 805 et
641 751 804 804 exeuntem
855 809 858 815 .

245 829 314 890 Udo
332 827 468 889 Dalmata
482 828 591 907 gaudio
608 830 759 909 sequeris.

245 914 308 973 Nos
323 911 446 990 Celtas,
462 914 587 989 Macer,
608 919 642 997 et
653 920 757 973 truces
772 914 906 974 Hiberos

205 999 323 1061 ltOum
337 995 495 1057 desiderio
512 999 556 1057 tui
570 1003 722 1078 petemus.

247 1080 309 1142 Sed
325 1100 526 1161 quaecunque
542 1090 644 1141 tamen
659 1082 780 1141 leretur
796 1080 884 1141 illinc
991 1092 996 1098 '

246 1166 365 1225 Piscosi
382 1164 496 1225 calamo
513 1164 592 1243 Tagi
606 1172 728 1241 notata,

246 1248 385 1310 Macrum
400 1251 509 1329 pagina
526 1257 633 1309 nostra
647 1251 825 1309 nominabit.

246 1334 298 1393 Sic
312 1335 396 1394 inter
411 1342 534 1394 veteres
548 1333 635 1413 legar
649 1339 774 1413 poetas,

206 1418 309 1479 loNee
323 1416 437 1478 multos
452 1419 526 1478 mihi
542 1418 701 1499 praeferas
716 1419 856 1498 priores,

245 1503 314 1563 Uno
329 1501 385 1561 sed
402 1503 458 1563 tibi
474 1505 530 1562 sim
544 1504 645 1563 minor
660 1500 790 1562 Oatullo.

617 1636 752 1697 LXXIX.

246 1748 295 1810 Ad
309 1748 444 1829 lapidem
459 1748 635 1826 Torquatus
651 1751 746 1811 habet
759 1751 917 1831 praetoria
932 1758 1083 1830 quartum;
1158 1743 1163 1753 ’
1185 1761 1187 1816 ξ

288 1831 494 1913 Adquartum
509 1836 604 1893 breve
621 1854 675 1894 rus
690 1836 765 1895 emit
780 1833 941 1895 Otacilius.

248 1916 425 1996 Torquatus
440 1916 554 1977 nitidas
568 1919 653 1978 vario
673 1918 712 1978 de
727 1937 880 1979 marmore
895 1920 1029 1979 thermas
1048 1995 1051 2000 Ι
1172 1934 1174 1937 ’

288 2002 447 2077 Extrnrit3
470 2021 625 2062 cucumam
639 2003 717 2063 fecit
731 2002 893 2065 Otacilius.

225 2084 406 2164 5Disposnit
421 2085 584 2166 daphnona
598 2106 653 2146 sno
671 2086 847 2165 Torquatus
865 2089 898 2147 in
913 2106 1005 2167 agro;

289 2170 454 2231 Oastaneas
471 2176 593 2230 centum
607 2172 687 2232 sevit
701 2170 858 2231 Otacilius.

249 2252 385 2313 Oonrule
399 2254 559 2332 Torquato
574 2256 634 2315 vici
651 2256 712 2316 fuit
725 2254 779 2315 ille
794 2257 956 2334 magister,

289 2337 358 2397 Non
372 2339 472 2397 minor
486 2341 519 2397 in
537 2346 623 2400 tanto
637 2342 720 2400 risus
735 2342 855 2399 honore
869 2341 938 2401 sibi.

245 2419 380 2481 Grandis
394 2428 428 2481 ut
443 2424 582 2501 exiguam
596 2425 653 2485 bos
666 2444 771 2484 ranam
785 2430 914 2504 ruperat
928 2424 1017 2501 olim,

203 2514 236 2566 10
286 2505 353 2583 Sic,
375 2513 467 2585 puto,
488 2507 666 2586 Torquatus
678 2515 804 2589 rumpet
817 2507 991 2569 Otacilium.

622 2642 743 2704 LXXX.

245 2753 462 2831 PloratEros,
485 2755 628 2830 quotiens
642 2753 816 2814 maculosae
829 2752 941 2834 pocula
954 2774 1075 2815 murrae

287 2839 430 2918 Inspicit,
452 2846 503 2896 aut
517 2856 632 2917 pueros
647 2836 821 2899 nobiliusve
840 2840 968 2916 citrum,

245 2924 287 2982 Et
303 2924 434 2999 gemitus
449 2922 510 2980 imo
527 2920 611 2982 ducit
627 2920 666 2982 de
682 2929 828 3003 pectore,
851 2922 933 3002 quod
948 2942 1010 2981 non

289 3006 370 3066 Tota
385 3008 479 3065 misor
494 3008 613 3067 coemat
627 3007 723 3088 Septa
739 3009 881 3085 feratque
897 3006 1029 3069 domum.

223 3091 344 3166 5Quam
360 3092 447 3151 multi
462 3091 597 3170 faciunt,
608 3152 610 3159 ,
620 3091 705 3171 quod
718 3093 814 3169 Eros,
836 3088 893 3151 sed
905 3090 1023 3151 lumine
1040 3079 1127 3151 sicco!

287 3175 363 3233 Para
378 3176 475 3235 maior
488 3173 632 3235 lacrimas
646 3175 732 3235 ridet
745 3184 779 3235 et
791 3176 874 3235 intus
889 3176 992 3234 habet.

525 3348 530 3353 -
605 3314 609 3331 ¹
639 3310 773 3370 LXXXl.

246 3424 323 3484 Oum
340 3423 400 3483 duo
415 3425 572 3484 venissent
586 3424 625 3483 ad
640 3423 783 3502 Phyllida
797 3442 886 3483 mane
899 3423 1033 3485 fututum

286 3510 327 3568 ut
342 3505 453 3567 nudam
469 3515 599 3587 cuperet
613 3526 735 3568 sumere
753 3513 886 3588 uterque
898 3509 1003 3588 prior,
