<?xml version="1.0" encoding="UTF-8"?>
<!DOCTYPE html PUBLIC "-//W3C//DTD XHTML 1.0 Transitional//EN"
    "http://www.w3.org/TR/xhtml1/DTD/xhtml1-transitional.dtd">
<html xmlns="http://www.w3.org/1999/xhtml" xml:lang="en" lang="en">
 <head>
  <title>
</title>
<meta http-equiv="Content-Type" content="text/html;charset=utf-8" />
  <meta name='ocr-system' content='tesseract 3.04.00' />
  <meta name='ocr-capabilities' content='ocr_page ocr_carea ocr_par ocr_line ocrx_word'/>
</head>
<body>
  <div class='ocr_page' id='page_1' title='image "./mvalmartialisep02martgoog_0235.png"; bbox 0 0 2442 4209; ppageno 0'>
   <div class='ocr_carea' id='block_1_1' title="bbox 293 315 1064 385">
    <p class='ocr_par' dir='ltr' id='par_1_1' title="bbox 293 315 1064 385">
     <span class='ocr_line' id='line_1_1' title="bbox 293 315 1064 385; baseline 0.01 -8"><span class='ocrx_word' id='word_1_1' title='bbox 293 315 636 379; x_wconf 75' lang='lat' dir='ltr'><strong>EPIGRAMMATON</strong></span> <span class='ocrx_word' id='word_1_2' title='bbox 649 317 789 384; x_wconf 85' lang='lat' dir='ltr'><strong>LIB.·IX.</strong></span> <span class='ocrx_word' id='word_1_3' title='bbox 1000 319 1064 385; x_wconf 78' lang='lat'><strong>215</strong></span> 
     </span>
    </p>
   </div>
   <div class='ocr_carea' id='block_1_2' title="bbox 18 466 927 1897">
    <p class='ocr_par' dir='ltr' id='par_1_2' title="bbox 18 466 927 1897">
     <span class='ocr_line' id='line_1_2' title="bbox 146 466 817 552; baseline 0.006 -23"><span class='ocrx_word' id='word_1_4' title='bbox 146 468 214 529; x_wconf 85' lang='lat' dir='ltr'><strong>Stat</strong></span> <span class='ocrx_word' id='word_1_5' title='bbox 226 466 371 549; x_wconf 81' lang='lat' dir='ltr'><strong>platanus</strong></span> <span class='ocrx_word' id='word_1_6' title='bbox 384 466 490 531; x_wconf 84' lang='lat' dir='ltr'><strong>densis</strong></span> <span class='ocrx_word' id='word_1_7' title='bbox 505 470 689 531; x_wconf 78' lang='lat' dir='ltr'><strong>Caesariana</strong></span> <span class='ocrx_word' id='word_1_8' title='bbox 704 473 817 552; x_wconf 83' lang='lat' dir='ltr'><strong>comis,</strong></span> 
     </span>
     <span class='ocr_line' id='line_1_3' title="bbox 105 552 837 635; baseline 0.005 -22"><span class='ocrx_word' id='word_1_9' title='bbox 105 552 242 633; x_wconf 77' lang='lat' dir='ltr'><strong>Hospitis</strong></span> <span class='ocrx_word' id='word_1_10' title='bbox 256 552 363 612; x_wconf 82' lang='lat' dir='ltr'><strong>iuvioti</strong></span> <span class='ocrx_word' id='word_1_11' title='bbox 377 556 482 632; x_wconf 87' lang='lat' dir='ltr'><strong>posuit</strong></span> <span class='ocrx_word' id='word_1_12' title='bbox 497 574 588 635; x_wconf 85' lang='lat' dir='ltr'><strong>quam</strong></span> <span class='ocrx_word' id='word_1_13' title='bbox 603 552 731 617; x_wconf 83' lang='lat' dir='ltr'><strong>dextera</strong></span> <span class='ocrx_word' id='word_1_14' title='bbox 744 554 837 634; x_wconf 80' lang='lat' dir='ltr'><strong>fellu,</strong></span> 
     </span>
     <span class='ocr_line' id='line_1_4' title="bbox 145 634 807 718; baseline 0.006 -20"><span class='ocrx_word' id='word_1_15' title='bbox 145 637 258 717; x_wconf 76' lang='lat' dir='ltr'><strong>Coepit</strong></span> <span class='ocrx_word' id='word_1_16' title='bbox 273 641 307 696; x_wconf 83' lang='lat' dir='ltr'><strong>et</strong></span> <span class='ocrx_word' id='word_1_17' title='bbox 322 654 360 696; x_wconf 85' lang='lat' dir='ltr'><strong>ex</strong></span> <span class='ocrx_word' id='word_1_18' title='bbox 373 634 431 697; x_wconf 89' lang='lat' dir='ltr'><strong>illa</strong></span> <span class='ocrx_word' id='word_1_19' title='bbox 445 655 589 699; x_wconf 87' lang='lat' dir='ltr'><strong>crescere</strong></span> <span class='ocrx_word' id='word_1_20' title='bbox 606 639 693 718; x_wconf 74' lang='lat' dir='ltr'><strong>virga</strong></span> <span class='ocrx_word' id='word_1_21' title='bbox 706 659 807 705; x_wconf 86' lang='lat' dir='ltr'><strong>mauu.</strong></span> 
     </span>
     <span class='ocr_line' id='line_1_5' title="bbox 106 718 894 802; baseline 0.003 -20"><span class='ocrx_word' id='word_1_22' title='bbox 106 722 270 783; x_wconf 78' lang='lat' dir='ltr'>Auctorem</span> <span class='ocrx_word' id='word_1_23' title='bbox 287 718 504 802; x_wconf 87' lang='lat' dir='ltr'><strong>dominumque</strong></span> <span class='ocrx_word' id='word_1_24' title='bbox 518 742 607 783; x_wconf 91' lang='lat' dir='ltr'><strong>suum</strong></span> <span class='ocrx_word' id='word_1_25' title='bbox 621 726 740 786; x_wconf 83' lang='lat' dir='ltr'><strong>sentire</strong></span> <span class='ocrx_word' id='word_1_26' title='bbox 753 723 894 785; x_wconf 79' lang='lat' dir='ltr'><strong>violetur:</strong></span> 
     </span>
     <span class='ocr_line' id='line_1_6' title="bbox 71 804 767 890; baseline 0.007 -25"><span class='ocrx_word' id='word_1_27' title='bbox 71 818 100 869; x_wconf 79' lang='grc' dir='ltr'><strong>ιο</strong></span> <span class='ocrx_word' id='word_1_28' title='bbox 143 805 194 866; x_wconf 88' lang='lat' dir='ltr'><strong>Sio</strong></span> <span class='ocrx_word' id='word_1_29' title='bbox 207 805 290 866; x_wconf 86' lang='lat' dir='ltr'><strong>viret</strong></span> <span class='ocrx_word' id='word_1_30' title='bbox 304 811 338 864; x_wconf 88' lang='lat' dir='ltr'><strong>et</strong></span> <span class='ocrx_word' id='word_1_31' title='bbox 350 807 444 866; x_wconf 80' lang='lat' dir='ltr'><strong>ramis</strong></span> <span class='ocrx_word' id='word_1_32' title='bbox 458 804 563 867; x_wconf 88' lang='lat' dir='ltr'><strong>sidera</strong></span> <span class='ocrx_word' id='word_1_33' title='bbox 578 806 663 875; x_wconf 80' lang='lat' dir='ltr'><strong>celsa</strong></span> <span class='ocrx_word' id='word_1_34' title='bbox 677 810 767 890; x_wconf 83' lang='lat' dir='ltr'><strong>petit.</strong></span> 
     </span>
     <span class='ocr_line' id='line_1_7' title="bbox 104 888 873 971; baseline 0.007 -21"><span class='ocrx_word' id='word_1_35' title='bbox 104 890 202 971; x_wconf 84' lang='lat' dir='ltr'><strong>Saepe</strong></span> <span class='ocrx_word' id='word_1_36' title='bbox 214 890 272 949; x_wconf 82' lang='lat' dir='ltr'><strong>suls</strong></span> <span class='ocrx_word' id='word_1_37' title='bbox 287 888 345 949; x_wconf 77' lang='lat' dir='ltr'><strong>heo</strong></span> <span class='ocrx_word' id='word_1_38' title='bbox 359 888 474 950; x_wconf 84' lang='lat' dir='ltr'><strong>madidi</strong></span> <span class='ocrx_word' id='word_1_39' title='bbox 491 889 635 953; x_wconf 86' lang='lat' dir='ltr'><strong>luserunt</strong></span> <span class='ocrx_word' id='word_1_40' title='bbox 649 895 762 953; x_wconf 88' lang='lat' dir='ltr'><strong>arbore</strong></span> <span class='ocrx_word' id='word_1_41' title='bbox 775 892 873 955; x_wconf 80' lang='lat' dir='ltr'><strong>Fauni</strong></span> 
     </span>
     <span class='ocr_line' id='line_1_8' title="bbox 144 970 817 1052; baseline 0.007 -18"><span class='ocrx_word' id='word_1_42' title='bbox 144 970 274 1035; x_wconf 65' lang='lat' dir='ltr'><strong>Terruit</strong></span> <span class='ocrx_word' id='word_1_43' title='bbox 289 978 323 1032; x_wconf 89' lang='lat' dir='ltr'><strong>et</strong></span> <span class='ocrx_word' id='word_1_44' title='bbox 336 975 460 1035; x_wconf 83' lang='lat' dir='ltr'><strong>tacitam</strong></span> <span class='ocrx_word' id='word_1_45' title='bbox 473 974 578 1037; x_wconf 83' lang='lat' dir='ltr'><strong>fistula</strong></span> <span class='ocrx_word' id='word_1_46' title='bbox 593 996 664 1037; x_wconf 84' lang='lat' dir='ltr'><strong>sera</strong></span> <span class='ocrx_word' id='word_1_47' title='bbox 677 976 817 1052; x_wconf 68' lang='lat' dir='ltr'><strong>domum</strong></span> 
     </span>
     <span class='ocr_line' id='line_1_9' title="bbox 104 1056 923 1143; baseline 0.004 -25"><span class='ocrx_word' id='word_1_48' title='bbox 104 1060 240 1137; x_wconf 85' lang='lat' dir='ltr'><strong>Dumque</strong></span> <span class='ocrx_word' id='word_1_49' title='bbox 253 1056 336 1135; x_wconf 80' lang='lat' dir='ltr'><strong>fuglt</strong></span> <span class='ocrx_word' id='word_1_50' title='bbox 349 1056 432 1119; x_wconf 90' lang='lat' dir='ltr'><strong>solos</strong></span> <span class='ocrx_word' id='word_1_51' title='bbox 448 1068 632 1121; x_wconf 82' lang='lat' dir='ltr'><strong>nocturnum</strong></span> <span class='ocrx_word' id='word_1_52' title='bbox 644 1060 729 1122; x_wconf 82' lang='lat' dir='ltr'><strong>Paua</strong></span> <span class='ocrx_word' id='word_1_53' title='bbox 741 1080 800 1143; x_wconf 79' lang='lat' dir='ltr'><strong>per</strong></span> <span class='ocrx_word' id='word_1_54' title='bbox 816 1080 923 1139; x_wconf 69' lang='lat' dir='ltr'><strong>agros,</strong></span> 
     </span>
     <span class='ocr_line' id='line_1_10' title="bbox 144 1139 870 1225; baseline 0.006 -22"><span class='ocrx_word' id='word_1_55' title='bbox 144 1142 243 1223; x_wconf 86' lang='lat' dir='ltr'><strong>Saepe</strong></span> <span class='ocrx_word' id='word_1_56' title='bbox 259 1141 315 1201; x_wconf 89' lang='lat' dir='ltr'><strong>sub</strong></span> <span class='ocrx_word' id='word_1_57' title='bbox 329 1141 387 1201; x_wconf 88' lang='lat' dir='ltr'><strong>hac</strong></span> <span class='ocrx_word' id='word_1_58' title='bbox 400 1139 492 1203; x_wconf 84' lang='lat' dir='ltr'><strong>latuit</strong></span> <span class='ocrx_word' id='word_1_59' title='bbox 506 1144 622 1205; x_wconf 82' lang='lat' dir='ltr'><strong>rustica</strong></span> <span class='ocrx_word' id='word_1_60' title='bbox 635 1144 749 1207; x_wconf 80' lang='lat' dir='ltr'><strong>froude</strong></span> <span class='ocrx_word' id='word_1_61' title='bbox 762 1145 870 1225; x_wconf 84' lang='lat' dir='ltr'><strong>Dryas.</strong></span> 
     </span>
     <span class='ocr_line' id='line_1_11' title="bbox 57 1223 778 1309; baseline 0.001 -20"><span class='ocrx_word' id='word_1_62' title='bbox 57 1228 203 1307; x_wconf 67' lang='lat' dir='ltr'><strong>statque</strong></span> <span class='ocrx_word' id='word_1_63' title='bbox 218 1225 326 1287; x_wconf 91' lang='lat' dir='ltr'><strong>oluere</strong></span> <span class='ocrx_word' id='word_1_64' title='bbox 340 1223 424 1287; x_wconf 86' lang='lat' dir='ltr'><strong>lares</strong></span> <span class='ocrx_word' id='word_1_65' title='bbox 443 1228 644 1289; x_wconf 76' lang='lat' dir='ltr'><strong>comissatore</strong></span> <span class='ocrx_word' id='word_1_66' title='bbox 656 1229 778 1309; x_wconf 75' lang='lat' dir='ltr'><strong>Lyaeo,</strong></span> 
     </span>
     <span class='ocr_line' id='line_1_12' title="bbox 143 1307 779 1389; baseline 0.003 -16"><span class='ocrx_word' id='word_1_67' title='bbox 143 1312 252 1373; x_wconf 79' lang='lat' dir='ltr'><strong>Crevit</strong></span> <span class='ocrx_word' id='word_1_68' title='bbox 266 1315 300 1369; x_wconf 84' lang='lat' dir='ltr'><strong>et</strong></span> <span class='ocrx_word' id='word_1_69' title='bbox 314 1309 412 1371; x_wconf 82' lang='lat' dir='ltr'><strong>elluso</strong></span> <span class='ocrx_word' id='word_1_70' title='bbox 426 1307 540 1372; x_wconf 87' lang='lat' dir='ltr'><strong>laetior</strong></span> <span class='ocrx_word' id='word_1_71' title='bbox 554 1314 663 1374; x_wconf 87' lang='lat' dir='ltr'><strong>umbra</strong></span> <span class='ocrx_word' id='word_1_72' title='bbox 675 1332 779 1389; x_wconf 87' lang='lat' dir='ltr'><strong>mero;</strong></span> 
     </span>
     <span class='ocr_line' id='line_1_13' title="bbox 103 1392 927 1476; baseline 0.005 -22"><span class='ocrx_word' id='word_1_73' title='bbox 103 1394 328 1475; x_wconf 79' lang='lat' dir='ltr'>Hesternisque</span> <span class='ocrx_word' id='word_1_74' title='bbox 342 1394 457 1454; x_wconf 84' lang='lat' dir='ltr'><strong>rubeus</strong></span> <span class='ocrx_word' id='word_1_75' title='bbox 473 1392 596 1458; x_wconf 82' lang='lat' dir='ltr'><strong>deiecta</strong></span> <span class='ocrx_word' id='word_1_76' title='bbox 610 1403 660 1457; x_wconf 90' lang='lat' dir='ltr'><strong>est</strong></span> <span class='ocrx_word' id='word_1_77' title='bbox 673 1398 772 1459; x_wconf 84' lang='lat' dir='ltr'><strong>herba</strong></span> <span class='ocrx_word' id='word_1_78' title='bbox 786 1399 927 1476; x_wconf 75' lang='lat' dir='ltr'><strong>coronis,</strong></span> 
     </span>
     <span class='ocr_line' id='line_1_14' title="bbox 142 1478 783 1559; baseline 0.008 -20"><span class='ocrx_word' id='word_1_79' title='bbox 142 1479 246 1558; x_wconf 81' lang='lat' dir='ltr'><strong>Atque</strong></span> <span class='ocrx_word' id='word_1_80' title='bbox 260 1495 330 1537; x_wconf 87' lang='lat' dir='ltr'><strong>suas</strong></span> <span class='ocrx_word' id='word_1_81' title='bbox 342 1479 446 1559; x_wconf 79' lang='lat' dir='ltr'><strong>potuit</strong></span> <span class='ocrx_word' id='word_1_82' title='bbox 459 1478 566 1540; x_wconf 81' lang='lat' dir='ltr'>dicere</span> <span class='ocrx_word' id='word_1_83' title='bbox 582 1499 673 1541; x_wconf 87' lang='lat' dir='ltr'><strong>nemo</strong></span> <span class='ocrx_word' id='word_1_84' title='bbox 687 1501 783 1546; x_wconf 87' lang='lat' dir='ltr'><strong>rosas.</strong></span> 
     </span>
     <span class='ocr_line' id='line_1_15' title="bbox 103 1560 790 1643; baseline 0.004 -20"><span class='ocrx_word' id='word_1_85' title='bbox 103 1562 128 1623; x_wconf 93' lang='lat'>0</span> <span class='ocrx_word' id='word_1_86' title='bbox 142 1562 259 1623; x_wconf 82' lang='lat' dir='ltr'><strong>dilecta</strong></span> <span class='ocrx_word' id='word_1_87' title='bbox 273 1560 357 1637; x_wconf 83' lang='lat' dir='ltr'><strong>deis,</strong></span> <span class='ocrx_word' id='word_1_88' title='bbox 377 1581 396 1622; x_wconf 94' lang='lat' dir='ltr'><strong>o</strong></span> <span class='ocrx_word' id='word_1_89' title='bbox 410 1565 511 1643; x_wconf 79' lang='lat' dir='ltr'><strong>magui</strong></span> <span class='ocrx_word' id='word_1_90' title='bbox 525 1565 668 1625; x_wconf 83' lang='lat' dir='ltr'><strong>Caesaris</strong></span> <span class='ocrx_word' id='word_1_91' title='bbox 682 1568 790 1643; x_wconf 87' lang='lat' dir='ltr'><strong>arbor,</strong></span> 
     </span>
     <span class='ocr_line' id='line_1_16' title="bbox 69 1645 810 1729; baseline -0.004 -20"><span class='ocrx_word' id='word_1_92' title='bbox 69 1656 98 1709; x_wconf 77' lang='lat' dir='ltr'><strong>to</strong></span> <span class='ocrx_word' id='word_1_93' title='bbox 139 1647 187 1708; x_wconf 88' lang='lat' dir='ltr'><strong>Ne</strong></span> <span class='ocrx_word' id='word_1_94' title='bbox 201 1652 320 1707; x_wconf 87' lang='lat' dir='ltr'><strong>metuas</strong></span> <span class='ocrx_word' id='word_1_95' title='bbox 334 1645 453 1708; x_wconf 81' lang='lat' dir='ltr'><strong>ferrum</strong></span> <span class='ocrx_word' id='word_1_96' title='bbox 469 1646 699 1729; x_wconf 82' lang='lat' dir='ltr'><strong>sacrilegosque</strong></span> <span class='ocrx_word' id='word_1_97' title='bbox 712 1650 810 1711; x_wconf 84' lang='lat' dir='ltr'><strong>focos.</strong></span> 
     </span>
     <span class='ocr_line' id='line_1_17' title="bbox 18 1727 885 1813; baseline 0 -21"><span class='ocrx_word' id='word_1_98' title='bbox 18 1800 19 1807; x_wconf 8' lang='grc' dir='ltr'>ἵ</span> <span class='ocrx_word' id='word_1_99' title='bbox 102 1730 273 1813; x_wconf 83' lang='lat' dir='ltr'><strong>Perpetuos</strong></span> <span class='ocrx_word' id='word_1_100' title='bbox 287 1748 415 1811; x_wconf 80' lang='lat' dir='ltr'><strong>sperare</strong></span> <span class='ocrx_word' id='word_1_101' title='bbox 430 1727 509 1792; x_wconf 86' lang='lat' dir='ltr'><strong>licet</strong></span> <span class='ocrx_word' id='word_1_102' title='bbox 523 1733 581 1793; x_wconf 91' lang='lat' dir='ltr'><strong>tibi</strong></span> <span class='ocrx_word' id='word_1_103' title='bbox 595 1732 717 1795; x_wconf 79' lang='lat' dir='ltr'><strong>frondis</strong></span> <span class='ocrx_word' id='word_1_104' title='bbox 731 1735 885 1796; x_wconf 84' lang='lat' dir='ltr'><strong>honores:</strong></span> 
     </span>
     <span class='ocr_line' id='line_1_18' title="bbox 18 1814 753 1897; baseline 0.007 -24"><span class='ocrx_word' id='word_1_105' title='bbox 18 1834 20 1873; x_wconf 86' lang='grc' dir='ltr'>ι</span> <span class='ocrx_word' id='word_1_106' title='bbox 138 1816 209 1878; x_wconf 85' lang='grc' dir='ltr'>Νοιι</span> <span class='ocrx_word' id='word_1_107' title='bbox 223 1814 428 1896; x_wconf 85' lang='lat' dir='ltr'><strong>Pompeianae</strong></span> <span class='ocrx_word' id='word_1_108' title='bbox 442 1821 476 1875; x_wconf 92' lang='lat' dir='ltr'><strong>te</strong></span> <span class='ocrx_word' id='word_1_109' title='bbox 489 1835 624 1897; x_wconf 79' lang='lat' dir='ltr'><strong>posuere</strong></span> <span class='ocrx_word' id='word_1_110' title='bbox 638 1837 753 1879; x_wconf 84' lang='lat' dir='ltr'><strong>massua.</strong></span> 
     </span>
    </p>
   </div>
   <div class='ocr_carea' id='block_1_3' title="bbox 426 1986 588 2048">
    <p class='ocr_par' dir='ltr' id='par_1_3' title="bbox 426 1986 588 2048">
     <span class='ocr_line' id='line_1_19' title="bbox 426 1986 588 2048; baseline 0.025 -4"><span class='ocrx_word' id='word_1_111' title='bbox 426 2020 429 2025; x_wconf 61' lang='lat'>&gt;</span> <span class='ocrx_word' id='word_1_112' title='bbox 498 1986 588 2048; x_wconf 85' lang='lat' dir='ltr'><strong>LXII.</strong></span> 
     </span>
    </p>
   </div>
   <div class='ocr_carea' id='block_1_4' title="bbox 100 2096 703 2433">
    <p class='ocr_par' dir='ltr' id='par_1_4' title="bbox 100 2096 703 2433">
     <span class='ocr_line' id='line_1_20' title="bbox 102 2096 703 2179; baseline 0.003 -22"><span class='ocrx_word' id='word_1_113' title='bbox 102 2096 220 2159; x_wconf 78' lang='lat' dir='ltr'>Tinctis</span> <span class='ocrx_word' id='word_1_114' title='bbox 234 2100 353 2161; x_wconf 82' lang='lat' dir='ltr'><strong>murice</strong></span> <span class='ocrx_word' id='word_1_115' title='bbox 367 2100 504 2161; x_wconf 86' lang='lat' dir='ltr'><strong>vestibus</strong></span> <span class='ocrx_word' id='word_1_116' title='bbox 520 2096 603 2179; x_wconf 85' lang='lat' dir='ltr'><strong>quod</strong></span> <span class='ocrx_word' id='word_1_117' title='bbox 621 2100 703 2159; x_wconf 90' lang='lat' dir='ltr'><strong>omni</strong></span> 
     </span>
     <span class='ocr_line' id='line_1_21' title="bbox 100 2180 665 2263; baseline 0.005 -22"><span class='ocrx_word' id='word_1_118' title='bbox 100 2180 138 2241; x_wconf 82' lang='lat' dir='ltr'><strong>Et</strong></span> <span class='ocrx_word' id='word_1_119' title='bbox 150 2189 244 2243; x_wconf 90' lang='lat' dir='ltr'><strong>uoote</strong></span> <span class='ocrx_word' id='word_1_120' title='bbox 260 2185 359 2245; x_wconf 87' lang='lat' dir='ltr'><strong>utitur</strong></span> <span class='ocrx_word' id='word_1_121' title='bbox 374 2191 408 2245; x_wconf 85' lang='lat' dir='ltr'><strong>et</strong></span> <span class='ocrx_word' id='word_1_122' title='bbox 422 2182 473 2244; x_wconf 78' lang='lat' dir='ltr'><strong>(lie</strong></span> <span class='ocrx_word' id='word_1_123' title='bbox 488 2181 665 2263; x_wconf 86' lang='lat' dir='ltr'><strong>PhiIoeuis,</strong></span> 
     </span>
     <span class='ocr_line' id='line_1_22' title="bbox 101 2264 643 2348; baseline 0.006 -24"><span class='ocrx_word' id='word_1_124' title='bbox 101 2264 164 2325; x_wconf 88' lang='lat' dir='ltr'><strong>Non</strong></span> <span class='ocrx_word' id='word_1_125' title='bbox 181 2274 230 2328; x_wconf 88' lang='lat' dir='ltr'><strong>est</strong></span> <span class='ocrx_word' id='word_1_126' title='bbox 245 2269 405 2329; x_wconf 83' lang='lat' dir='ltr'><strong>ambitiosa</strong></span> <span class='ocrx_word' id='word_1_127' title='bbox 419 2286 479 2329; x_wconf 88' lang='lat' dir='ltr'><strong>ueo</strong></span> <span class='ocrx_word' id='word_1_128' title='bbox 494 2268 643 2348; x_wconf 83' lang='lat' dir='ltr'><strong>superba:</strong></span> 
     </span>
     <span class='ocr_line' id='line_1_23' title="bbox 102 2348 618 2433; baseline 0.006 -25"><span class='ocrx_word' id='word_1_129' title='bbox 102 2348 278 2433; x_wconf 73' lang='lat' dir='ltr'><strong>Delectatur</strong></span> <span class='ocrx_word' id='word_1_130' title='bbox 293 2350 407 2431; x_wconf 81' lang='lat' dir='ltr'><strong>odore,</strong></span> <span class='ocrx_word' id='word_1_131' title='bbox 426 2370 491 2412; x_wconf 88' lang='lat' dir='ltr'><strong>nou</strong></span> <span class='ocrx_word' id='word_1_132' title='bbox 502 2350 618 2412; x_wconf 89' lang='lat' dir='ltr'><strong>oolore.</strong></span> 
     </span>
    </p>
   </div>
   <div class='ocr_carea' id='block_1_5' title="bbox 483 2518 588 2581">
    <p class='ocr_par' dir='ltr' id='par_1_5' title="bbox 483 2518 588 2581">
     <span class='ocr_line' id='line_1_24' title="bbox 483 2518 588 2581; baseline 0.029 -4"><span class='ocrx_word' id='word_1_133' title='bbox 483 2518 588 2581; x_wconf 84' lang='lat' dir='ltr'><strong>LXIII.</strong></span> 
     </span>
    </p>
   </div>
   <div class='ocr_carea' id='block_1_6' title="bbox 101 2588 1029 2813">
    <p class='ocr_par' dir='ltr' id='par_1_6' title="bbox 101 2588 1029 2813">
     <span class='ocr_line' id='line_1_25' title="bbox 101 2588 916 2714; baseline 0.004 -25"><span class='ocrx_word' id='word_1_134' title='bbox 101 2625 147 2689; x_wconf 73' lang='lat' dir='ltr'><strong>to</strong></span> <span class='ocrx_word' id='word_1_135' title='bbox 161 2648 270 2692; x_wconf 85' lang='lat' dir='ltr'><strong>cenam</strong></span> <span class='ocrx_word' id='word_1_136' title='bbox 283 2633 414 2695; x_wconf 66' lang='lat' dir='ltr'><strong>[nutant</strong></span> <span class='ocrx_word' id='word_1_137' title='bbox 428 2652 535 2695; x_wconf 90' lang='lat' dir='ltr'><strong>omues</strong></span> <span class='ocrx_word' id='word_1_138' title='bbox 549 2642 597 2714; x_wconf 86' lang='lat' dir='ltr'><strong>te,</strong></span> <span class='ocrx_word' id='word_1_139' title='bbox 619 2635 763 2714; x_wconf 86' lang='lat' dir='ltr'><strong>Phoebe,</strong></span> <span class='ocrx_word' id='word_1_140' title='bbox 786 2588 916 2709; x_wconf 77' lang='lat' dir='ltr'><strong>cinaedi.</strong></span> 
     </span>
     <span class='ocr_line' id='line_1_26' title="bbox 138 2714 1029 2813; baseline 0.008 -38"><span class='ocrx_word' id='word_1_141' title='bbox 138 2714 282 2776; x_wconf 77' lang='lat' dir='ltr'><strong>Mentula</strong></span> <span class='ocrx_word' id='word_1_142' title='bbox 296 2735 387 2796; x_wconf 81' lang='lat' dir='ltr'><strong>quem</strong></span> <span class='ocrx_word' id='word_1_143' title='bbox 402 2718 519 2799; x_wconf 80' lang='lat' dir='ltr'><strong>pascit,</strong></span> <span class='ocrx_word' id='word_1_144' title='bbox 538 2738 618 2798; x_wconf 88' lang='lat' dir='ltr'><strong>uon,</strong></span> <span class='ocrx_word' id='word_1_145' title='bbox 639 2725 734 2799; x_wconf 85' lang='lat' dir='ltr'><strong>puto,</strong></span> <span class='ocrx_word' id='word_1_146' title='bbox 754 2737 850 2813; x_wconf 71' lang='lat' dir='ltr'><strong>purus</strong></span> <span class='ocrx_word' id='word_1_147' title='bbox 863 2718 956 2778; x_wconf 90' lang='lat' dir='ltr'><strong>homo</strong></span> <span class='ocrx_word' id='word_1_148' title='bbox 971 2723 1029 2782; x_wconf 72' lang='lat' dir='ltr'><strong>est.</strong></span> 
     </span>
    </p>
   </div>
   <div class='ocr_carea' id='block_1_7' title="bbox 365 2880 591 2945">
    <p class='ocr_par' dir='ltr' id='par_1_7' title="bbox 365 2880 591 2945">
     <span class='ocr_line' id='line_1_27' title="bbox 365 2880 591 2945; baseline 0.009 -6"><span class='ocrx_word' id='word_1_149' title='bbox 365 2934 367 2939; x_wconf 83' lang='lat'><em>.</em></span> <span class='ocrx_word' id='word_1_150' title='bbox 483 2880 591 2945; x_wconf 84' lang='lat' dir='ltr'><strong>LXIV.</strong></span> 
     </span>
    </p>
   </div>
   <div class='ocr_carea' id='block_1_8' title="bbox 23 2984 1009 3651">
    <p class='ocr_par' dir='ltr' id='par_1_8' title="bbox 101 2984 862 3157">
     <span class='ocr_line' id='line_1_28' title="bbox 101 2984 862 3069; baseline 0.005 -22"><span class='ocrx_word' id='word_1_151' title='bbox 101 2984 243 3049; x_wconf 85' lang='lat' dir='ltr'><strong>Ileroulis</strong></span> <span class='ocrx_word' id='word_1_152' title='bbox 257 2989 290 3048; x_wconf 88' lang='lat' dir='ltr'><strong>in</strong></span> <span class='ocrx_word' id='word_1_153' title='bbox 304 2992 406 3069; x_wconf 77' lang='lat' dir='ltr'><strong>magui</strong></span> <span class='ocrx_word' id='word_1_154' title='bbox 421 2991 523 3053; x_wconf 85' lang='lat' dir='ltr'><strong>voltus</strong></span> <span class='ocrx_word' id='word_1_155' title='bbox 539 2990 731 3053; x_wconf 79' lang='lat' dir='ltr'><strong>descendere</strong></span> <span class='ocrx_word' id='word_1_156' title='bbox 746 2991 862 3052; x_wconf 75' lang='lat' dir='ltr'><strong>(laesor</strong></span> 
     </span>
     <span class='ocr_line' id='line_1_29' title="bbox 138 3072 798 3157; baseline 0.008 -26"><span class='ocrx_word' id='word_1_157' title='bbox 138 3072 289 3152; x_wconf 74' lang='lat' dir='ltr'><strong>IIIguatus</strong></span> <span class='ocrx_word' id='word_1_158' title='bbox 302 3073 410 3136; x_wconf 81' lang='lat' dir='ltr'><strong>Latiae</strong></span> <span class='ocrx_word' id='word_1_159' title='bbox 426 3074 481 3136; x_wconf 81' lang='lat' dir='ltr'><strong>(lat</strong></span> <span class='ocrx_word' id='word_1_160' title='bbox 493 3095 571 3138; x_wconf 85' lang='lat' dir='ltr'><strong>uovs</strong></span> <span class='ocrx_word' id='word_1_161' title='bbox 584 3075 702 3157; x_wconf 85' lang='lat' dir='ltr'><strong>templa</strong></span> <span class='ocrx_word' id='word_1_162' title='bbox 715 3077 798 3153; x_wconf 82' lang='lat' dir='ltr'><strong>viae,</strong></span> 
     </span>
    </p>

    <p class='ocr_par' dir='ltr' id='par_1_9' title="bbox 23 3154 904 3242">
     <span class='ocr_line' id='line_1_30' title="bbox 23 3154 904 3242; baseline 0.005 -27"><span class='ocrx_word' id='word_1_163' title='bbox 23 3204 24 3207; x_wconf 63' lang='lat'>,</span> <span class='ocrx_word' id='word_1_164' title='bbox 103 3154 164 3231; x_wconf 74' lang='lat' dir='ltr'><strong>Qus</strong></span> <span class='ocrx_word' id='word_1_165' title='bbox 179 3156 306 3218; x_wconf 78' lang='lat' dir='ltr'><strong>Triuiae</strong></span> <span class='ocrx_word' id='word_1_166' title='bbox 319 3177 483 3221; x_wconf 87' lang='lat' dir='ltr'><strong>uemoross</strong></span> <span class='ocrx_word' id='word_1_167' title='bbox 495 3162 578 3242; x_wconf 76' lang='lat' dir='ltr'><strong>petit</strong></span> <span class='ocrx_word' id='word_1_168' title='bbox 591 3159 664 3221; x_wconf 83' lang='lat' dir='ltr'><strong>(lum</strong></span> <span class='ocrx_word' id='word_1_169' title='bbox 678 3170 775 3239; x_wconf 82' lang='lat' dir='ltr'><strong>regu&#39;a</strong></span> <span class='ocrx_word' id='word_1_170' title='bbox 788 3161 904 3238; x_wconf 81' lang='lat' dir='ltr'><strong>viator,</strong></span> 
     </span>
    </p>

    <p class='ocr_par' dir='ltr' id='par_1_10' title="bbox 23 3240 821 3323">
     <span class='ocr_line' id='line_1_31' title="bbox 23 3240 821 3323; baseline 0.009 -24"><span class='ocrx_word' id='word_1_171' title='bbox 23 3274 24 3307; x_wconf 62' lang='grc' dir='ltr'>ι</span> <span class='ocrx_word' id='word_1_172' title='bbox 140 3240 287 3301; x_wconf 85' lang='lat' dir='ltr'><strong>Octavum</strong></span> <span class='ocrx_word' id='word_1_173' title='bbox 304 3241 426 3304; x_wconf 80' lang='lat' dir='ltr'><strong>domiue</strong></span> <span class='ocrx_word' id='word_1_174' title='bbox 441 3264 575 3306; x_wconf 85' lang='lat' dir='ltr'><strong>marmor</strong></span> <span class='ocrx_word' id='word_1_175' title='bbox 590 3246 627 3304; x_wconf 84' lang='lat' dir='ltr'><strong>ab</strong></span> <span class='ocrx_word' id='word_1_176' title='bbox 641 3246 720 3305; x_wconf 89' lang='lat' dir='ltr'><strong>urhe</strong></span> <span class='ocrx_word' id='word_1_177' title='bbox 733 3243 821 3323; x_wconf 80' lang='lat' dir='ltr'><strong>legit.</strong></span> 
     </span>
    </p>

    <p class='ocr_par' dir='ltr' id='par_1_11' title="bbox 24 3322 779 3408">
     <span class='ocr_line' id='line_1_32' title="bbox 24 3322 779 3408; baseline 0.011 -27"><span class='ocrx_word' id='word_1_178' title='bbox 24 3381 25 3397; x_wconf 13' lang='grc' dir='ltr'>χ</span> <span class='ocrx_word' id='word_1_179' title='bbox 84 3322 180 3385; x_wconf 75' lang='lat' dir='ltr'><strong>tlute</strong></span> <span class='ocrx_word' id='word_1_180' title='bbox 195 3322 357 3388; x_wconf 70' lang='lat' dir='ltr'><strong>colebatur</strong></span> <span class='ocrx_word' id='word_1_181' title='bbox 370 3328 450 3389; x_wconf 80' lang='lat' dir='ltr'><strong>votis</strong></span> <span class='ocrx_word' id='word_1_182' title='bbox 466 3334 499 3389; x_wconf 87' lang='lat' dir='ltr'><strong>et</strong></span> <span class='ocrx_word' id='word_1_183' title='bbox 514 3330 662 3407; x_wconf 73' lang='lat' dir='ltr'><strong>sanguiue</strong></span> <span class='ocrx_word' id='word_1_184' title='bbox 677 3328 779 3408; x_wconf 84' lang='lat' dir='ltr'><strong>largo,</strong></span> 
     </span>
    </p>

    <p class='ocr_par' dir='ltr' id='par_1_12' title="bbox 24 3407 829 3493">
     <span class='ocr_line' id='line_1_33' title="bbox 24 3407 829 3493; baseline 0.007 -25"><span class='ocrx_word' id='word_1_185' title='bbox 24 3431 25 3485; x_wconf 60' lang='grc' dir='ltr'>ι</span> <span class='ocrx_word' id='word_1_186' title='bbox 138 3407 291 3471; x_wconf 83' lang='lat' dir='ltr'><strong>Maiorem</strong></span> <span class='ocrx_word' id='word_1_187' title='bbox 305 3408 438 3472; x_wconf 80' lang='lat' dir='ltr'><strong>Alciden</strong></span> <span class='ocrx_word' id='word_1_188' title='bbox 451 3432 533 3474; x_wconf 85' lang='lat' dir='ltr'><strong>nuuc</strong></span> <span class='ocrx_word' id='word_1_189' title='bbox 547 3414 649 3478; x_wconf 84' lang='lat' dir='ltr'><strong>missor</strong></span> <span class='ocrx_word' id='word_1_190' title='bbox 661 3414 730 3493; x_wconf 86' lang='lat' dir='ltr'><strong>ipse</strong></span> <span class='ocrx_word' id='word_1_191' title='bbox 745 3411 829 3474; x_wconf 81' lang='lat' dir='ltr'><strong>colit.</strong></span> 
     </span>
    </p>

    <p class='ocr_par' dir='ltr' id='par_1_13' title="bbox 101 3488 1009 3577">
     <span class='ocr_line' id='line_1_34' title="bbox 101 3488 1009 3577; baseline 0.003 -25"><span class='ocrx_word' id='word_1_192' title='bbox 101 3488 186 3554; x_wconf 89' lang='lat' dir='ltr'><strong>Iquo</strong></span> <span class='ocrx_word' id='word_1_193' title='bbox 200 3512 325 3573; x_wconf 79' lang='lat' dir='ltr'><strong>maguus</strong></span> <span class='ocrx_word' id='word_1_194' title='bbox 339 3502 429 3574; x_wconf 79' lang='lat' dir='ltr'><strong>rogat</strong></span> <span class='ocrx_word' id='word_1_195' title='bbox 443 3495 524 3557; x_wconf 85' lang='lat' dir='ltr'><strong>alter</strong></span> <span class='ocrx_word' id='word_1_196' title='bbox 540 3515 633 3577; x_wconf 82' lang='lat' dir='ltr'><strong>opes,</strong></span> <span class='ocrx_word' id='word_1_197' title='bbox 654 3503 743 3576; x_wconf 77' lang='lat' dir='ltr'><strong>roget</strong></span> <span class='ocrx_word' id='word_1_198' title='bbox 757 3493 839 3559; x_wconf 85' lang='lat' dir='ltr'><strong>alter</strong></span> <span class='ocrx_word' id='word_1_199' title='bbox 852 3495 1009 3572; x_wconf 77' lang='lat' dir='ltr'><strong>honores3</strong></span> 
     </span>
    </p>

    <p class='ocr_par' dir='ltr' id='par_1_14' title="bbox 25 3574 646 3651">
     <span class='ocr_line' id='line_1_35' title="bbox 25 3574 646 3651; baseline 0.01 -16"><span class='ocrx_word' id='word_1_200' title='bbox 25 3638 26 3651; x_wconf 12' lang='grc' dir='ltr'>χ</span> <span class='ocrx_word' id='word_1_201' title='bbox 138 3574 186 3637; x_wconf 90' lang='lat' dir='ltr'><strong>llli</strong></span> <span class='ocrx_word' id='word_1_202' title='bbox 200 3595 328 3639; x_wconf 85' lang='lat' dir='ltr'><strong>aeourus</strong></span> <span class='ocrx_word' id='word_1_203' title='bbox 342 3586 413 3640; x_wconf 84' lang='lat' dir='ltr'><strong>voto</strong></span> <span class='ocrx_word' id='word_1_204' title='bbox 427 3582 546 3651; x_wconf 77' lang='lat' dir='ltr'><strong>miuora</strong></span> <span class='ocrx_word' id='word_1_205' title='bbox 559 3579 646 3641; x_wconf 85' lang='lat' dir='ltr'><strong>facit.</strong></span> 
     </span>
    </p>
   </div>
   <div class='ocr_carea' id='block_1_9' title="bbox 0 0 1226 4209">
    <p class='ocr_par' dir='ltr' id='par_1_15' title="bbox 0 0 1226 4209">
     <span class='ocr_line' id='line_1_36' title="bbox 0 0 1226 4209; baseline 0 1"><span class='ocrx_word' id='word_1_206' title='bbox 0 0 1226 4209; x_wconf 95' lang='lat' dir='ltr'><strong> </strong></span> 
     </span>
    </p>
   </div>
  </div>
 </body>
</html>
