2442 4209
300 334 640 410 EP1GRAMMATON
653 343 728 403 LIII.
746 344 786 409 V.
1003 339 1062 411 ll'I

117 500 190 578 Quid
205 518 274 561 erae
287 505 395 561 uoatro
411 499 523 557 fortius
536 502 643 577 poteat
655 498 774 559 Paeto?

117 586 298 646 Ducentiens
313 584 449 663 accepit,
471 588 505 643 et
518 588 622 641 tamen
635 584 719 643 vivit.

481 716 645 778 XXXVIII.

118 832 305 897 Calliodorus
316 836 410 895 hahet
421 852 545 894 censum
560 870 595 878 -
611 835 679 913 quia
689 836 813 895 neacit?
827 870 862 879 -
875 841 1065 915 equeatreru,

154 920 262 996 Sexte,
283 918 340 979 aed
355 926 388 978 et
402 918 531 978 fratrem
545 917 741 979 Calliodorus
754 920 858 980 hahet.

118 1003 342 1082 Quadringenta
357 1008 458 1080 secat,
481 1004 533 1081 qui
549 1000 626 1063 dicit
641 1004 727 1062 σῦκα
739 999 862 1083 picata:

154 1087 221 1149 IIno
237 1085 340 1147 crealis
356 1106 435 1164 equo
449 1105 542 1165 pocae
557 1086 670 1147 redere
684 1085 784 1148 ‹luoa‘l

102 1171 195 1248 hQuid
210 1192 277 1231 cum
293 1172 392 1232 fratrc
407 1172 481 1245 tihi,
504 1170 578 1249 quid
595 1191 663 1231 cum
680 1170 806 1231 Polluce
821 1168 975 1231 moleatol

23 1292 24 1335 ss
115 1294 119 1305 ·
154 1257 219 1316 Non
234 1265 319 1316 eaaet
332 1253 442 1315 Pollux
455 1255 483 1313 ai
498 1256 570 1332 tihi,
594 1256 705 1315 (lactor
722 1274 792 1315 crau

118 1339 197 1401 Unus
210 1359 278 1399 curn
294 1341 388 1417 altis,
401 1339 477 1415 duo,
500 1337 697 1417 (Iulliodore,
719 1339 846 1400 uedctia.

155 1424 265 1503 Surge:
287 1416 518 1502 σολοικισμόν,
542 1422 734 1501 Gallicane,
755 1423 841 1483 facia.

118 1509 175 1569 Aut
187 1510 308 1571 inuare
324 1526 419 1588 genua
433 1507 587 1568 hedae—
599 1527 668 1567 curu
679 1508 779 1568 fratre
794 1506 908 1569 aedera

87 1602 114 1653 lt
154 1592 542 1675 Nonpotea—:alternia,
563 1590 758 1671 Calliodore,
780 1590 865 1653 aede.

472 1726 610 1790 XXXIX.

121 1838 276 1919 Supremas
291 1840 350 1899 tihi
363 1840 491 1900 triciens
507 1841 539 1899 In
553 1858 633 1899 auno

23 1984 24 1993 ,
121 1922 251 2003 SIguanti
265 1922 403 2001 tabulae,
425 1924 576 2001 Charine,
598 1924 668 1982 rniai

23 2026 25 2073 k
120 2007 261 2087 Ilyhlaeia
277 2006 413 2068 madidae
429 2008 543 2087 thymia
558 2006 727 2087 placentae.

121 2092 237 2152 Defeci:
259 2092 410 2152 miserere
424 2092 500 2169 iarn,
523 2092 669 2154 CharIne.

104 2175 208 2254 oslgua
221 2177 338 2253 narina,
360 2182 412 2235 aut
426 2174 523 2234 semel
537 2174 586 2233 fac
601 2171 698 2249 Illud,

121 2259 265 2319 Mentitur
280 2267 333 2321 tua
348 2257 431 2339 quod
445 2258 575 2319 auhiuule
590 2260 694 2319 tuaaia.

121 2343 242 2405 Eucuaai
257 2341 439 2420 loculoaque
453 2340 677 2423 saeculumque.

122 2426 231 2487 Groeao
246 2427 370 2488 dlvitlor
383 2424 461 2487 licet
474 2426 619 2501 fuissem,

121 2509 166 2571 Iro
181 2512 343 2592 pauperior
356 2512 472 2588 forem,
495 2510 648 2587 Charine,

27 2673 28 2686 χ
90 2594 151 2655 thi
167 2596 309 2655 conchem
324 2596 440 2655 totiens
454 2612 552 2654 meam
568 2612 733 2655 comeaaea.

520 2734 584 2799 XL.

126 2845 248 2908 Pluuiati
261 2848 435 2925 Venerem,
458 2844 552 2924 colia,
574 2846 788 2925 Artemidore,
811 2846 1000 2908 Minervam:
1058 2902 1066 2915 ,

161 2930 199 2991 Et
212 2933 348 3009 miraris,
368 2950 444 3011 opus
452 2930 661 3011 “displicuiaue
671 2932 779 2992 tuum?

510 3064 587 3126 XLI.

27 3153 30 3203 I
126 3176 258 3257 Spadone
275 3200 344 3241 cum
358 3182 401 3241 aia
418 3182 565 3242 eviratior
579 3182 676 3253 fluxo,

27 3302 31 3337 3,
125 3260 164 3321 Et
176 3265 339 3325 concubino
355 3262 478 3325 mollior
493 3263 685 3343 Celaenaeo,

28 3343 29 3401 1
126 3345 215 3419 Quem
228 3354 332 3409 nectua
343 3346 444 3409 ululat
457 3350 564 3410 matria
580 3350 712 3409 entheae
726 3347 850 3430 Gallua,
909 3384 915 3395 ·

129 3426 255 3492 Theatra
267 3430 406 3512 loqueria
422 3440 455 3492 et
469 3432 581 3510 gradun
599 3441 633 3492 et
647 3431 766 3511 edicta,

109 3510 318 3595 5'Irabeaaque
333 3524 366 3578 et
380 3517 452 3578 Idus
466 3516 640 3598 fibulasque
655 3534 843 3597 ecumque,

127 3594 166 3654 hc
176 3600 320 3677 pumicata
334 3619 487 3681 pauperes
502 3620 592 3661 mauu
606 3607 768 3663 monstras,
