2442 4209
165 318 226 387 ιιι
490 318 885 401 ιι.,νιι.ιιιιιιιιιιι

654 519 720 583 XC.

248 634 345 695 lactat
359 631 554 713 inaequalem
570 633 679 695 Matho
693 649 743 692 me
758 630 874 691 feciaae
887 626 1040 692 libellama

293 717 326 777 Si
341 736 447 777 verum
463 723 528 796 ert,
549 715 656 777 laudat
676 716 811 775 carmina
826 720 934 774 nostra
948 714 1064 781 Matho.
1192 725 1194 765 i

249 798 406 882 Aequales
421 802 531 862 acribit
543 799 641 862 libror
656 797 825 861 (lluvienua
841 803 874 857 et
887 798 1014 860 Umber.

291 883 439 965 Aequalis
451 883 533 946 liber
548 892 613 965 eat,
635 884 779 961 (lretice,
802 882 856 961 qui
870 880 969 962 malus
983 891 1037 943 est.

650 1021 729 1085 xci.

249 1132 296 1195 lle
310 1138 418 1194 noatro
432 1133 564 1194 facunde
580 1135 656 1215 tibi,
671 1131 839 1213 iuvenalia,
854 1129 956 1212 agello

292 1214 510 1277 Saturnalicias
524 1219 690 1298 mittimur,
713 1236 805 1296 ecce,
825 1235 933 1280 nucea.

250 1300 365 1363 Cetera
377 1299 500 1362 lascivia
515 1300 641 1362 donavit
654 1322 745 1383 poma
759 1300 876 1384 puellis

290 1383 432 1446 Mentula
446 1384 583 1447 custodia
597 1383 755 1462 luxurioaa
771 1386 832 1447 dei.

641 1521 733 1583 xc11.

250 1626 306 1706 „Si
322 1626 395 1707 quid
411 1648 487 1710 opus
501 1630 616 1709 inerit,
637 1634 698 1692 acia
712 1650 762 1692 me
776 1651 839 1693 non
853 1649 923 1692 eoae
937 1626 1121 1709 rogandum“

291 1711 362 1774 Uno
377 1713 425 1773 bia
437 1712 516 1774 ilicis
525 1758 534 1790 ,
556 1716 708 1795 Baccara,
728 1722 843 1795 terque
858 1714 918 1777 elie.

252 1795 400 1877 Appellat
412 1796 514 1877 rigida
528 1800 630 1860 tristia
644 1813 693 1860 me
708 1818 784 1860 voce
799 1798 976 1859 Secundus:

292 1880 407 1960 Audio,
430 1884 594 1962 etneacia,
617 1883 768 1960 Baccara,
789 1882 863 1962 quid
877 1881 919 1943 ait
932 1900 1019 1962 opua.
1103 1949 1105 1952 ¹

229 1963 366 2025 bPensio
381 1972 413 2026 te
429 1985 532 2027 coram
546 1968 666 2047 petitur
682 1965 829 2048 clareque
842 1965 1022 2047 palamque:

292 2049 407 2128 Audio,
428 2056 461 2111 et
473 2052 592 2130 nescia,
611 2053 762 2131 Baccara,
785 2051 860 2132 quid
875 2052 916 2112 ait
931 2069 1018 2131 opus.

249 2132 327 2194 ane
344 2151 458 2213 queror
473 2134 653 2216 gelidasque
667 2138 744 2197 mibi
759 2138 910 2214 tritasque
924 2133 1082 2195 lacernae:

293 2216 408 2296 Audis,
430 2223 463 2279 et
476 2222 596 2299 nescia,
618 2220 768 2299 Baccara,
792 2220 867 2299 quid
881 2221 922 2280 ait
937 2239 1023 2301 opua.

251 2301 320 2361 Hoc
335 2320 411 2381 opua
427 2308 492 2381 eat,
514 2304 617 2364 subito
631 2305 686 2365 iias
699 2311 734 2365 ut
750 2303 855 2364 uidere
870 2310 990 2381 mutua,

210 2395 244 2447 lo
291 2384 404 2446 Dicere
422 2404 462 2447 ne
478 2389 596 2467 possin,
619 2387 769 2468 Baccara,
793 2387 867 2467 quid
884 2389 925 2447 sit
939 2405 1025 2467 opus.

635 2536 739 2597 xclll.

251 2646 382 2726 Narnia,
405 2645 575 2728 sulphureo
592 2668 681 2727 quam
698 2650 820 2728 gurgite
836 2646 983 2708 candidus
998 2646 1093 2705 amnia

295 2730 431 2810 Circuit,
455 2732 583 2811 ancipiti
597 2734 647 2793 vix
662 2731 802 2793 adeunda
813 2733 905 2811 iugo,

252 2813 333 2892 Quid
350 2821 412 2875 tam
424 2832 517 2894 aaepe
532 2834 634 2876 meum
648 2818 738 2877 nobis
753 2814 908 2876 abducere
924 2814 1068 2890 Quintum

295 2898 343 2959 Te
357 2902 440 2961 iuvat
454 2904 488 2958 et
500 2897 588 2960 lenta
603 2899 774 2960 detinuiaac
787 2899 897 2959 mora?
1087 2909 1089 2913 '

231 2982 336 3060 5Quid
349 2977 535 3044 Nomentani
550 3003 670 3044 causam
685 2985 761 3044 mibi
775 2982 883 3063 perdia
898 2978 1008 3060 agelli,

294 3066 430 3147 Propter
444 3067 577 3128 vicinum
591 3070 645 3147 qui
657 3070 815 3149 pretiosas
830 3066 922 3127 erati

254 3149 317 3211 Sed
329 3152 388 3210 iam
402 3168 496 3231 parce
511 3152 603 3229 mihi,
624 3171 684 3213 nec
697 3154 842 3228 abutere,
864 3150 995 3227 Narnia,
1017 3146 1140 3223 Quinto:

294 3234 452 3313 Perpetuo
468 3232 563 3295 liceat
578 3238 623 3296 aio
635 3238 693 3296 tibi
707 3240 805 3317 ponte
821 3234 894 3297 frui.

532 3398 541 3418 ο
659 3369 767 3432 xciv.

254 3484 451 3561 Unguentum
464 3480 584 3559 iuerat,
607 3480 690 3560 quod
704 3500 784 3561 onyx
797 3478 888 3544 morio
903 3498 997 3561 parva
1012 3476 1145 3557 gerebat:

296 3564 413 3626 Olfecit
425 3571 587 3644 postquam
602 3563 744 3644 Papilua,
761 3583 852 3643 ecce,
872 3581 978 3643 garum
996 3567 1052 3623 eat.
