2442 4209
293 327 633 389 EPIGRAMMA'I‘ON
649 326 724 389 Lm.
740 328 777 391 V.
992 325 1054 393 121

104 481 207 542 0mues
222 482 499 559 grummstioosque
514 480 722 560 rhetoruque

102 567 237 643 Deoitcs,
258 582 384 624 moneo:
403 561 484 625 nihil
496 564 539 624 sit
551 561 602 623 illi

85 651 171 712 tcum
183 648 277 709 libris
292 649 453 709 ciceronis
468 653 520 709 sut
535 648 686 710 Maronis.

101 734 204 794 Fonte
219 730 372 793 Tutilium
385 750 457 793 susc
472 730 641 811 relinques.

103 817 133 877 Si
145 836 252 879 versus
267 816 358 893 fucit,
380 814 505 876 abdices
519 822 659 895 poetam:

103 902 188 962 Artes
202 900 328 961 discere
342 897 408 959 vult
425 900 625 980 pecuniosus,

102 985 157 1045 liro
171 984 271 1047 discet
285 982 482 1043 citharoedus
495 989 547 1043 sut
561 980 735 1045 choraules.

75 1079 99 1131 to
106 1068 134 1127 Si
147 1067 216 1129 duri
229 1086 309 1148 puer
323 1069 429 1145 iugeri
442 1065 581 1145 videtur,

104 1153 286 1214 Prsccouem
301 1151 396 1213 iscius
409 1149 461 1213 vel
476 1151 689 1212 architectum

483 1284 575 1349 LVII.

105 1400 172 1459 Cum
185 1419 260 1460 voco
274 1405 307 1459 te
324 1398 495 1479 domiuum,
516 1398 581 1460 noli
597 1400 671 1476 tibi,
693 1366 808 1478 (imus,
830 1353 977 1480 plscere=¹

143 1484 239 1565 Saepe
257 1484 350 1544 etium
365 1501 486 1545 servum
502 1485 547 1545 sio
561 1483 698 1545 resoluto
712 1490 807 1544 tuum.

480 1616 584 1680 hvid.

107 1729 400 1807 durocortorum,
423 1750 491 1791 crus
508 1729 603 1807 dicis,
626 1730 788 1807 Postume,
809 1749 942 1811 semper.

27 1870 28 1877 ,
143 1813 195 1875 iiic
211 1815 288 1875 mihi
302 1834 370 1875 cres
381 1814 489 1892 istud,
511 1814 675 1891 Postume,
696 1812 821 1892 quaudo
835 1816 942 1876 veuit?

27 1896 28 1905 ’
107 1896 292 1976 Qusmlouge
305 1904 354 1959 est
365 1918 434 1959 cros
443 1897 550 1959 istud?
561 1900 615 1958 ubi
625 1898 696 1959 esti
708 1904 761 1957 sut
770 1896 852 1958 uudc
862 1900 1054 1980 petendum?

104 2016 107 2023 ι
142 1980 291 2061 Numquid
306 1981 387 2062 spud
401 1983 534 2044 Parthos
548 1982 775 2061 Armeniosque
788 1980 889 2043 lotet‘i

27 2060 28 2075 ¹
91 2064 160 2124 bium
174 2084 239 2126 orus
253 2066 339 2126 istud
351 2066 446 2127 hebet
460 2066 575 2127 Priami
588 2065 639 2126 vei
653 2066 795 2127 Nestoris
812 2085 918 2134 suuos.
954 2112 961 2122 ,

144 2149 213 2210 (irus
228 2150 314 2211 istud
330 2152 451 2231 quenti,
474 2150 523 2210 dic
539 2150 630 2228 mihi,
652 2152 751 2229 possit
764 2151 848 2211 cmii
890 2171 895 2175 ·

109 2231 174 2293 crus
187 2234 285 2295 rives:
307 2233 401 2295 hodie
415 2236 476 2296 ism
490 2236 611 2312 vivere,
634 2234 797 2312 Postume,
818 2234 940 2297 turdum
954 2246 1018 2299 est:

143 2314 197 2377 ille
211 2319 309 2399 sepit,
332 2319 486 2399 quisquis,
507 2318 670 2395 Postume,
689 2320 764 2379 vixit
778 2319 858 2381 heri.
886 2360 891 2367 -

493 2465 569 2526 LIX.

29 2606 30 2609 ¹
111 2576 188 2653 Quod
200 2598 262 2639 non
277 2585 455 2657 argeutum,
477 2580 560 2657 quod
574 2599 638 2639 nou
650 2580 710 2639 tibi
723 2579 872 2639 mittimus
886 2598 1010 2648 surum,
1063 2652 1067 2657 ,

30 2679 31 2687 ’
144 2661 206 2722 iioc
217 2663 346 2723 iacimus
361 2682 466 2741 ceusu,
488 2662 587 2725 Stclio
601 2663 739 2740 diserte,
759 2669 822 2725 tuo.

29 2744 31 2803 i
112 2743 241 2824 QuisquIs
255 2765 363 2826 mogus
378 2746 481 2825 dedit,
503 2746 600 2808 voluit
615 2747 674 2807 sibi
688 2747 943 2825 magneremitt13

146 2828 301 2892 Fictilibus
315 2831 430 2891 nostris
445 2836 629 2891 exoneratus
645 2831 717 2891 eris.

501 2965 564 3025 Lx.

31 3104 32 3111 κ
114 3073 236 3138 Allotrcs
250 3078 327 3140 licet
340 3098 438 3159 usque
452 3099 508 3140 nos
527 3085 559 3139 ct
572 3098 668 3157 usque

113 3157 148 3217 Et
159 3163 327 3238 geuuitibus
341 3165 490 3244 improbis
502 3162 654 3240 lacesses,

32 3238 33 3259 ¹
115 3241 225 3305 Certum
239 3252 289 3307 cst
301 3248 381 3308 hauc
394 3248 452 3307 tibi
469 3264 643 3327 pernegare
658 3247 780 3313 fumum,

33 3340 34 3365 ¹
116 3324 184 3387 iilim
197 3349 284 3408 quom
297 3332 380 3411 petis
394 3331 427 3391 in
443 3332 520 3391 meis
533 3328 652 3391 libellis

103 3408 325 3493 tQusliscuuque
339 3413 455 3495 legaris
468 3421 503 3475 ut
516 3433 574 3494 per
589 3415 706 3479 orbem.

119 3490 180 3555 Num
191 3503 221 3557 te
236 3517 290 3559 cur
307 3498 419 3578 uliquis
433 3500 511 3560 sciat
523 3497 641 3559 fuisset

119 3573 224 3651 ignotus
236 3600 362 3661 percos,
384 3584 496 3662 miser,
517 3599 647 3643 necesse
661 3585 720 3642 est.

31 3114 33 3219 i
