2442 4209
271 362 610 424 EPIGRAMMh'l'ON
625 363 697 424 ΗΒ.
713 364 765 427 lv.
1000 364 1042 430 95

465 564 585 627 XLVII.

96 682 257 743 Encaustus
271 678 434 743 Phaethon
448 676 551 739 tabula
567 680 625 741 tibi
638 681 740 761 pictus
754 682 786 742 in
800 683 859 742 hnc
873 689 931 745 est.

133 764 211 843 Quid
223 765 281 825 tihi
293 764 355 841 vis,
376 761 518 844 dipyrum
534 764 587 843 qui
601 762 796 827 Phaethonta
811 766 909 827 iacis?

457 898 588 961 xuvni.

98 1012 211 1073 Percidi
225 1009 355 1091 gaudes,
376 1011 532 1091 percisos,
551 1010 678 1092 Papile‚
699 1011 813 1094 ploras.

134 1097 208 1175 Gur,
231 1113 309 1175 quae
324 1096 369 1156 vis
382 1096 468 1174 fleri,
489 1093 613 1176 Papilo,
635 1096 716 1157 facta
731 1096 840 1157 doles?

101 1181 234 1241 Paenitet
249 1182 402 1240 obscenae
415 1180 606 1260 pruriginis?
629 1201 667 1240 an
683 1182 778 1259 magis
793 1178 871 1241 iliud

132 1262 220 1344 Fies,
243 1262 326 1345 quod
339 1263 477 1346 percidi,
498 1261 627 1345 Papile‚
649 1264 805 1326 desieris?

472 1399 577 1461 XLIX.

101 1515 211 1595 Nescit,
234 1516 328 1577 crede
343 1517 434 1594 mihi,
457 1516 530 1595 quid
545 1518 607 1577 sint
624 1517 856 1597 epigrammata,
872 1514 1001 1594 Flucoe,

137 1602 190 1679 Qui
204 1608 321 1661 tautum
335 1599 421 1662 lusus
435 1602 494 1661 ista
507 1602 654 1681 iocosque
669 1605 765 1661 vocat.

102 1684 149 1746 ille
162 1687 253 1765 magis
267 1685 363 1765 ludit,
385 1686 437 1765 qui
451 1686 560 1746 scribit
572 1684 702 1765 prandia
716 1684 800 1745 saevi

138 1770 269 1849 Tereos,
291 1777 343 1831 aut
357 1790 479 1847 cenam,
503 1768 598 1829 crude
613 1770 767 1849 Thyesta,
792 1774 890 1848 tuam,

90 1854 157 1915 shut
168 1873 263 1935 puero
277 1853 410 1933 liquidos
425 1860 580 1935 aptantem
594 1853 753 1915 Daedalon
768 1849 848 1931 alos,

137 1940 312 1999 Pascentem
328 1937 445 1998 Siculas
460 1945 511 1999 aut
524 1938 737 2019 Polyphemon
754 1955 835 2007 ovas.

106 2022 243 2083 huostris
257 2021 367 2104 procul
383 2029 433 2083 est
446 2024 544 2083 omnls
559 2023 661 2083 vesica
675 2019 808 2099 libeliis,

139 2108 220 2168 Musa
233 2125 292 2168 neo
306 2109 413 2168 insano
429 2112 562 2187 syrmate
575 2113 682 2167 nostra
695 2113 802 2167 tumet.

30 2252 31 2257 ,
108 2189 171 2267 „illa
185 2199 284 2252 tamen
296 2190 423 2253 laudaut
438 2211 560 2269 omnes,
582 2193 749 2268 mirantur,
772 2188 934 2253 adorant.“

30 2272 31 2297 ³
79 2281 103 2333 lo
142 2276 306 2336 Confiteor:
328 2274 542 2359 laudantilla,
566 2273 622 2335 sed
636 2276 694 2336 ists
707 2274 823 2353 legunt.

504 2410 538 2471 L.

31 2478 32 2529 ἶ
110 2520 177 2596 Quid
189 2542 252 2603 me,
275 2524 373 2602 Thai,
395 2542 500 2584 senem
516 2521 646 2584 subinde
662 2521 762 2583 dieis?

32 2648 33 2657 ι
110 2604 190 2667 Neruo
204 2614 266 2686 est,
288 2608 384 2687 Thai,
406 2626 501 2669 senex
515 2607 554 2667 od
569 2606 788 2667 irrumandum.

500 2756 547 2819 LI.

33 2862 35 2945 i
113 2863 177 2925 Cum
191 2868 244 2929 tibi
256 2889 318 2929 non
332 2877 437 2930 esseut
451 2888 505 2931 sex
519 2868 617 2946 milis,
640 2868 834 2947 Caeciliam,

33 2962 35 3015 i
147 2950 256 3029 lugenti
269 2954 332 3015 late
346 2960 452 3015 neotus
468 2972 501 3014 es
515 2954 710 3033 hexaphor03

33 3044 36 3107 μ
113 3029 258 3113 Postquam
272 3039 319 3097 bis
335 3038 461 3098 deciens
477 3039 585 3097 tribuit
602 3036 660 3097 dea
677 3055 768 3097 caeca
782 3036 943 3115 sinumque

34 3112 36 3211 Ι
148 3117 296 3198 Ruperunt
310 3124 443 3201 nummi,
464 3122 564 3183 fectus
581 3140 631 3197 es,
654 3138 744 3199 ecoe,
765 3119 873 3201 pedes.

35 3216 36 3263 i
98 3199 184 3275 aqud
197 3205 249 3276 tibi
262 3226 318 3287 pro
334 3208 454 3267 meritis
468 3213 501 3267 et
514 3206 608 3266 tantis
621 3202 765 3264 laudibus
780 3204 907 3285 optem?

148 3284 181 3346 Di
194 3289 319 3351 reddant
334 3290 457 3369 sellam,
480 3289 674 3367 caeciliane,
696 3289 762 3349 tibi.

498 3419 560 3487 Lll.

117 3529 222 3595 Gesturi
235 3538 345 3598 iunctis
361 3537 422 3597 uisi
437 3536 570 3615 desinis,
592 3533 735 3615 Hedyle,
758 3536 875 3613 capris,

153 3617 204 3693 Qui
216 3622 302 3682 modo
314 3622 390 3683 fleus
408 3639 493 3700 erus,
514 3621 575 3681 ium
591 3621 754 3701 caprificus
769 3620 841 3677 eris.
