2442 4209
482 318 527 381 Μ.
542 318 635 381 VAL.
653 317 881 379 MAR'I'IALIS

643 521 720 581 LIII.

244 635 351 710 Hunc,
375 652 467 714 quem
481 653 575 716 saepe
588 633 677 696 rides
691 636 775 695 iutra
787 634 963 715 penetralia
975 641 1092 697 nostrae

284 715 427 779 Pallados
442 725 475 780 et
488 717 600 801 templi
614 718 737 797 limina,
761 718 890 799 Cosme,
910 720 983 781 nori

243 802 319 863 (lum
334 800 445 863 haculo
458 821 596 884 peraque
611 821 734 882 senem,
756 804 805 864 cui
821 823 896 863 cana
909 804 1068 885 putrisque

285 886 354 947 Stat
369 906 455 949 coma
471 888 549 949 etin
568 892 679 967 pectus
693 885 820 948 sordida
834 889 931 948 barba
947 887 1046 963 caelin

221 971 343 1033 aceres
359 990 449 1049 quem
464 970 538 1033 nuali
554 972 635 1051 tegit
648 991 726 1032 uxor
741 969 844 1033 abolla
857 973 995 1051 grabati,

285 1055 343 1115 (lui
359 1054 412 1115 dat
426 1055 554 1117 latratos
569 1056 658 1116 obvia
672 1057 763 1116 turha
781 1057 885 1131 cihos;

182 1202 186 1211 ,
243 1138 322 1198 Esse
335 1144 425 1218 putas
440 1140 587 1219 Cynicum
605 1138 756 1219 deceptus
771 1141 905 1219 imagine
919 1140 1008 1201 licta:

275 1221 354 1282 ¹Non
369 1229 418 1284 est
431 1224 483 1283 hic
497 1224 649 1304 Cynicus,
673 1224 800 1285 cosme:
826 1221 901 1304 quid
916 1223 1015 1303 crgo?
1037 1224 1128 1286 Canis.
1203 1249 1205 1252 ·

641 1359 720 1421 LIV.

244 1468 271 1528 0
287 1469 336 1529 cui
352 1468 503 1549 Tarpeias
517 1468 607 1533 licuit
620 1471 803 1549 contingere
819 1488 953 1549 quercus

284 1552 326 1612 Iit
340 1554 467 1613 merilas
480 1555 580 1634 prima
596 1554 727 1632 cingere,
737 1552 850 1613 fronde
866 1574 984 1634 comas,

244 1636 277 1695 Si
293 1636 389 1717 sapis,
413 1639 509 1699 utaris
523 1638 616 1716 totis,
636 1634 777 1716 Collina,
799 1636 908 1698 diebus

284 1719 527 1802 Extremumque
542 1722 599 1783 tibi
615 1740 739 1803 semper
755 1718 864 1782 adesse
879 1728 981 1803 putes.

222 1804 399 1868 ahaniflcas
414 1803 494 1867 nulli
509 1812 575 1867 tres
590 1824 720 1867 exorare
735 1804 858 1887 puellas

288 1890 444 1971 GontIgit:
467 1892 633 1952 observant
648 1910 739 1971 quem
754 1896 893 1951 statuere
910 1889 1003 1954 diem.

243 1974 377 2035 Divitior
392 1976 523 2055 Crispo,
546 1975 686 2036 Thrasea
701 1977 893 2036 constantior
905 1976 974 2056 ipso
1014 1974 1019 2019 '-

259 2082 264 2089 ·
284 2057 414 2119 Lautior
430 2065 463 2119 et
481 2059 582 2120 nitido
599 2061 642 2119 sis
656 2058 792 2120 Meliore
808 2058 899 2120 licet:

243 2139 295 2203 Nil
311 2139 405 2202 adicit
418 2162 516 2225 penso
531 2144 679 2205 Lachesis
694 2144 841 2223 fusosque
856 2162 998 2204 sororum

202 2235 237 2288 lo
285 2224 430 2307 Explicat
444 2235 477 2289 et
492 2247 616 2311 semper
632 2228 671 2288 de
686 2229 787 2289 trihus
800 2249 861 2289 uua
874 2234 968 2289 secat.

648 2334 713 2438 uu.

243 2487 337 2565 huoi,
360 2487 458 2567 gloria
471 2494 646 2569 temporum
662 2496 802 2568 tuorum,

245 2572 305 2649 Qui
320 2572 428 2633 Gaium
444 2579 582 2633 veterem
599 2574 780 2653 'sagumque
795 2580 936 2635 nostrum

245 2656 340 2737 Arpis
355 2655 470 2716 cedere
485 2676 547 2716 non
563 2658 640 2717 sinis
655 2657 798 2719 dIsertis:

244 2741 373 2819 ArgIvaa
389 2747 554 2819 generatus
565 2742 650 2801 inter
664 2744 758 2803 urbes

223 2826 373 2889 5'l'hebas
389 2826 523 2885 carmine
540 2832 644 2886 cantet
660 2833 692 2886 et
706 2828 873 2908 Mycenas,

244 2911 308 2971 Aut
321 2907 435 2970 claram
449 2907 582 2971 Rhodon
597 2917 648 2971 aut
661 2908 853 2973 libidinosae-

242 2993 382 3054 Ledaeas
396 2993 646 3055 Lacedaemonos
660 2994 838 3076 palaestras.

244 3076 307 3137 Nos
323 3075 422 3139 (leltis
437 3080 559 3159 genitos
575 3085 607 3139 et
623 3097 662 3139 ex
675 3080 803 3141 Hiberis

243 3161 376 3222 Nostrae
389 3165 513 3225 nomIna
528 3162 654 3224 duriora
668 3170 773 3224 terrae

203 3246 341 3311 10Grato
357 3267 420 3307 non
433 3247 549 3328 pudeat
563 3248 687 3309 referre
700 3267 822 3329 uersus
923 3274 928 3284 ¹

244 3331 341 3393 Saevo
356 3330 484 3393 BilhIIIn
501 3334 646 3413 optimam
660 3330 803 3413 metallo,

244 3417 330 3494 Quae
345 3417 442 3477 vincit
455 3414 673 3497 Chalybasque
687 3417 899 3498 Noricosque,

203 3558 209 3571 ,
243 3500 286 3565 Et
299 3500 386 3562 Ierro
400 3500 537 3562 Plateam
553 3521 608 3562 suo
623 3509 799 3581 sonantem,

245 3587 341 3664 Quam
355 3587 451 3647 fluctu
466 3586 569 3666 tenui,
592 3586 650 3647 sed
665 3588 805 3664 Inquieto
