2442 4209
321 332 661 417 nucamomuou
674 333 748 395 cm.
763 334 827 395 ma
1033 334 1096 399 aaa

524 534 630 597 LXIX.

138 646 191 707 Sic
205 653 351 728 tanquam
364 645 485 709 tabulas
500 648 711 727 scyphosque,
733 644 847 727 Paule,

136 730 253 791 Omnes
267 732 453 810 archetypos
467 732 564 793 habes
580 730 702 792 amicos.

530 864 623 924 LXX.

136 976 248 1038 Lintea
263 975 365 1038 ferret
378 978 464 1057 Apro
477 979 576 1038 vatius
592 997 660 1037 cum
672 976 799 1037 vernula
817 996 917 1059 nuper

179 1063 221 1121 Et
237 1080 330 1141 snpra
344 1060 477 1139 togulam
491 1061 576 1121 lusca
590 1060 718 1121 sederet
732 1080 826 1139 anus,
921 1060 926 1083 ⁶
963 1074 970 1087 ⁴

137 1145 241 1223 Atque
257 1142 319 1205 olei
334 1144 446 1205 stillam
463 1144 553 1205 daret
567 1143 794 1205 enterocelicus
809 1152 935 1223 unctor,

179 1228 319 1289 Udorum
333 1230 464 1288 tetricus
478 1247 589 1289 censor
604 1236 637 1289 et
652 1247 742 1308 asper
756 1236 834 1288 erat.

118 1310 341 1391 5Frangendos
356 1311 467 1372 calices
485 1310 768 1391 effundendumque
783 1309 952 1373 Falernum

182 1394 357 1473 Clamabat,
378 1397 502 1455 biberet
518 1397 570 1475 qui
585 1394 676 1455 modo
690 1394 772 1457 lotus
786 1414 891 1475 eques.

139 1480 166 1539 A
181 1498 256 1539 seue
271 1478 328 1538 sed
341 1484 503 1559 postquam
518 1486 627 1558 patruo
642 1497 757 1539 venere
772 1485 929 1558 trecenta,

181 1562 309 1623 Sobrius
324 1584 341 1622 a
354 1562 484 1622 thermis
498 1565 599 1623 nescit
613 1564 698 1622 abire
714 1561 844 1623 domum.

140 1646 166 1706 0
182 1654 327 1725 quantum
344 1644 477 1706 diatreta
491 1644 595 1706 volent
610 1654 642 1707 et
657 1647 793 1725 quinque
810 1645 937 1706 comati!

100 1740 133 1791 lo
180 1729 286 1809 Tunc,
306 1749 375 1789 cum
388 1748 507 1810 pauper
522 1738 606 1808 erat,
628 1748 689 1789 non
706 1730 830 1791 sitiebat
844 1721 940 1809 Aper.

518 1862 625 1924 LXXI.

140 1974 190 2035 Nil
204 1994 284 2052 non,
304 1974 431 2055 Lygdo,
452 1976 528 2036 mibi
547 1995 641 2053 negas
655 1976 792 2053 roganti:

140 2059 181 2118 At
195 2057 347 2137 quondam
362 2060 455 2139 mibi,
476 2058 599 2138 Lygde,
622 2058 666 2119 nil
683 2060 825 2137 negabas.

514 2208 633 2271 LXXII.

141 2320 248 2398 lugere
260 2327 415 2382 mercatus
429 2342 529 2403 prope
541 2324 632 2382 busta
645 2318 772 2381 latentis
788 2318 882 2399 agelli

181 2405 223 2463 Et
236 2402 316 2464 male
332 2413 508 2485 compactae
524 2404 655 2465 culmina
668 2402 746 2463 fulta
760 2422 864 2481 casae,

142 2486 266 2548 Deseris
281 2489 428 2565 urbanas,
449 2495 501 2549 tua
513 2488 657 2569 praedia,
678 2487 861 2565 Pannycbe,
881 2484 973 2563 lites,

181 2572 356 2651 Parvaque,
379 2571 435 2632 sed
448 2575 542 2633 tritae
555 2573 692 2651 praemia
709 2578 795 2632 certa
808 2577 908 2648 togae.

122 2652 358 2733 5Frumentum,
379 2654 497 2716 mllium
511 2657 723 2736 ptisanamque
738 2656 898 2733 fabamque
914 2650 1036 2713 solebas

180 2737 328 2801 Vendere
343 2742 564 2819 pragmaticus,
585 2758 667 2799 nunc
683 2740 758 2799 emis
772 2736 913 2817 angcola.

510 2872 641 2952 LXXIII.

140 2982 298 3043 Heredem
312 2984 371 3043 tibi
387 3002 454 3059 me,
477 2982 618 3060 Catulle,
639 2982 725 3059 dIcis.

139 3066 206 3126 Non
221 3065 361 3146 credam,
380 3068 441 3127 nisi
453 3066 578 3145 legero,
601 3066 734 3127 Catulle.

505 3199 641 3265 LXXIV.

138 3308 215 3370 llum
231 3312 291 3371 tibi
304 3311 439 3372 NIIIacus
454 3317 558 3394 portat
573 3310 718 3389 crystalla
732 3308 884 3390 cataplus,

178 3395 296 3495 Accipe
310 3393 390 3455 de
363 3414 446 3455 circo
460 3392 570 3475 pocula
583 3394 744 3456 Flaminio.

138 3475 179 3535 Hi
192 3480 288 3554 magis
303 3477 448 3555 audaces,
469 3498 506 3537 an
522 3483 594 3538 sunt
608 3497 662 3556 qu1
652 3476 751 3537 talia
764 3478 891 3537 mittunt

179 3562 336 3621 Munera?
357 3562 413 3622 sed
427 3564 565 3641 gemInus
581 3558 693 3621 vilibus
710 3580 782 3621 usus
796 3562 887 3621 inest.
929 3635 932 3641 .
