2442 4209
280 359 619 423 EPlGRAblbiA'l‘ON
632 358 706 421 ΜΒ.
721 358 784 423 llll.
994 359 1064 423 305-

499 561 576 623 xci.

103 678 281 741 Communis
296 677 355 736 tibi
372 695 439 735 cum
453 675 538 752 viro,
560 670 716 752 Magrus,

103 764 181 825 (ium
195 762 238 822 sit
249 758 385 820 lectulus
399 765 433 819 ct
447 760 488 819 sit
502 753 661 834 exoletus,

103 849 220 925 Quare,
242 843 292 904 dic
306 844 399 921 milri,
420 861 481 903 nou
497 843 538 901 sit
551 847 586 901 et
598 841 749 903 minister.

103 932 262 1014 Suspiras3
281 928 362 1002 ratio
379 933 444 1004 est,
466 928 557 985 times
571 922 722 1003 lagonam.

492 1053 584 1116 Xon.

103 1172 204 1250 Saepe
223 1189 336 1251 rogare
351 1169 452 1248 soles,
474 1168 663 1249 ordiantur,
683 1169 809 1249 Prisce,
829 1170 968 1249 iuturus,

146 1255 180 1315 Si
193 1254 265 1315 daur
278 1253 420 1335 locuples
432 1254 553 1333 simque
567 1258 701 1333 repente
715 1259 836 1335 potens.

102 1341 293 1418 Quemquam
307 1357 399 1418 posse
413 1343 503 1419 putas
517 1354 621 1397 mores
637 1356 766 1398 narrure
780 1338 924 1401 loturos?

143 1423 201 1507 Dio
213 1423 306 1500 milri,
328 1423 355 1483 si
367 1423 423 1482 iias
438 1428 471 1482 tu
487 1419 556 1499 ico,
579 1419 678 1500 qualis
696 1423 782 1482 crisi
798 1478 802 1487 .

485 1547 591 1610 xciii.

102 1649 170 1725 Qus
185 1648 346 1708 moechum
359 1647 480 1706 rutioue
495 1645 632 1707 basiaret

102 1734 216 1794 coram
230 1732 361 1810 coniuge
375 1730 518 1809 repperit
531 1727 672 1812 Fabulla.

101 1817 233 1877 Parvum
254 1815 353 1875 busiut
369 1832 467 1893 usque
481 1814 669 1889 morionem3

100 1902 194 1961 Hunc
209 1898 313 1959 multis
328 1899 409 1979 rapit
424 1894 538 1957 osculis
553 1896 728 1958 madentem

81 1985 257 2046 §Moechus
270 1984 429 2064 protinus,
452 1989 484 2041 et
499 1982 562 2041 suis
576 1981 731 2063 repletum

101 2067 231 2129 Ridenti
248 2066 388 2128 dominae
404 2066 506 2126 statim
521 2067 662 2126 remittit.

102 2153 224 2230 Quanto
239 2152 337 2211 morio
354 2152 451 2211 maior
465 2156 515 2211 est
527 2150 671 2210 maritus!

485 2280 594 2342 xclv.

104 2379 324 2440 Scribebamus
337 2397 431 2458 epos;
453 2380 585 2459 coepisti
599 2379 754 2438 scribere:
774 2378 872 2455 cessi,
886 2408 889 2415 ⁴

143 2460 277 2524 Aemula
290 2481 330 2522 ue
345 2469 465 2523 starent
479 2463 613 2524 curmina
628 2467 734 2522 nostra
749 2462 820 2523 tuis.
893 2515 896 2521 ,

102 2544 280 2608 Transtulit
294 2546 333 2606 ud
345 2548 481 2626 tragicos
496 2566 531 2607 se
545 2554 652 2607 nostra
668 2543 779 2605 'l'hulia
795 2547 976 2607 cothurnosa

142 2631 271 2711 Aptasti
285 2630 409 2709 longum
424 2637 459 2691 tu
474 2649 597 2710 quoque
611 2649 713 2709 syrmo
726 2630 793 2690 tibi.

79 2713 170 2777 illlis
185 2715 273 2794 lyrae
291 2716 370 2776 movi
386 2712 526 2777 (lalab'ris
541 2714 663 2776 exculta
678 2714 836 2774 Camenis:

142 2798 272 2859 Plectra
285 2800 370 2880 rupis
385 2799 494 2877 nobis,
517 2799 696 2876 umbitiose,
719 2818 805 2859 noca.

98 2883 259 2943 Audemus
274 2889 409 2943 acturust
427 2882 564 2945 Lucilius
578 2900 648 2943 esse
662 2879 793 2943 laboras.

142 2966 235 3028 Ludo
247 2966 334 3028 leves
348 2965 472 3046 elegos:
492 2973 528 3027 tu
544 2984 667 3046 quoque
679 2965 761 3027 ludis
776 2964 868 3026 idem.

101 3050 185 3128 Quid
200 3054 300 3112 miuus
312 3070 382 3111 csse
399 3051 526 3131 potenti
548 3052 768 3131 epigrammata
780 3050 900 3129 flugere
916 3053 1005 3131 coepi

61 3144 92 3196 10
139 3137 225 3196 Hine
240 3138 333 3197 etium
346 3137 465 3217 petitur
477 3136 538 3195 iam
552 3153 620 3195 mea
633 3133 735 3214 palme
748 3135 814 3195 tibi.

98 3218 208 3299 Elige,
229 3219 303 3299 quid
317 3218 415 3295 uolis3
438 3221 507 3299 quis
524 3220 606 3281 euim
620 3217 737 3300 pudor,
760 3220 860 3278 omniu
872 3216 979 3280 velle?

140 3305 185 3365 Et
202 3303 318 3382 siquid
335 3324 397 3363 uon
411 3305 472 3381 ris,
494 3303 616 3381 Tucca,
637 3299 781 3383 relinque
797 3303 881 3365 mihi.

492 3429 588 3492 XCV·
652 3494 658 3503 ,

104 3528 231 3589 blossel
243 3528 474 3607 pathicissimos
486 3524 629 3603 libellos,

103 3613 307 3757 Qufflervtant
320 3611 503 3691 Sybariticis
517 3608 655 3693 libellis,
815 3690 857 3752 20
