2442 4209
301 327 641 391 EPIGRAMMATON
656 328 731 390 LIB.
749 327 799 392 111.
1026 324 1068 390 61

524 529 574 591 111.

107 645 291 724 {Formosam
303 645 417 714 faeiem
429 646 519 722 nigro
534 643 737 705 medicamine
752 643 851 723 celas,

155 729 217 791 Sed
230 749 293 790 uon
304 729 440 790 formoso
457 747 589 808 corpore
603 727 703 791 laedis
718 747 819 806 aquas.

116 814 210 894 ipsam
225 813 321 876 erede
336 809 426 872 deam
438 813 542 872 verbis
555 812 737 874 tibi-attone
750 813 883 872 nostris:

153 899 237 976 „Aut
252 899 340 980 aperi
354 895 483 975 faeiem,
505 902 557 956 aut
569 897 706 958 tunicata
719 894 831 976 lava.“]

522 1047 574 1109 IV.

117 1163 239 1224 Romam
252 1163 348 1242 vade,
368 1163 470 1226 liber:
493 1166 536 1242 si,
557 1165 681 1224 veneris
695 1161 795 1242 unde,
816 1161 975 1240 requiret,

154 1245 305 1309 Aemiliae
321 1247 408 1310 dices
422 1247 463 1310 de
477 1250 606 1328 regione
620 1249 698 1308 viae.
798 1271 800 1275 ·

118 1332 162 1410 Si,
184 1333 295 1411 quibus
309 1334 344 1393 in
360 1334 472 1412 terris,
494 1353 554 1411 qua
567 1334 661 1393 simus
674 1333 708 1391 in
722 1331 800 1390 urbe
819 1329 958 1408 rogabit,

154 1415 282 1477 Corneli
295 1419 417 1478 referes
431 1437 480 1478 me
494 1416 573 1478 lieet
586 1434 657 1477 esse
669 1416 763 1476 Foro.

99 1500 178 1562 tcur
192 1501 306 1580 absim,
329 1508 475 1580 quaeret:
495 1502 634 1562 breviter
648 1506 682 1559 tu
695 1498 792 1559 multa
805 1498 923 1559 fatere:

155 1583 245 1661 „Non
258 1593 384 1665 poterat
396 1604 491 1646 vanae
506 1584 610 1646 taedia
625 1585 712 1645 ferre
727 1582 851 1661 togae.“

117 1666 263 1746 „Quando
280 1669 411 1730 ιοιιίιῖιι
426 1669 529 1730 dicet:
546 1677 581 1730 tu
595 1666 803 1749 respondeto:
824 1667 944 1744 „Poeta

154 1753 297 1813 Exierat:
319 1755 441 1832 veniet,
463 1773 532 1813 eum
546 1750 744 1813 citharoedus
761 1750 855 1812 erit.“

530 1888 570 1951 V.

118 1999 169 2062 Vis
184 1999 394 2061 commendari
408 2003 476 2063 sine
490 2021 539 2062 me
554 2021 699 2063 cursurus
713 2003 747 2061 in
760 2002 888 2078 urbem,

154 2083 253 2145 Parve
266 2082 365 2161 liber,
386 2084 507 2164 multis,
530 2106 568 2146 en
582 2088 657 2147 satis
670 2105 749 2145 unus
763 2086 847 2145 erit?

118 2167 198 2228 Unus
217 2170 295 2246 erit,
317 2169 519 2247 mihicrede,
542 2173 634 2248 satis,
657 2172 706 2229 eui
718 2170 858 2228 noueris
873 2166 1004 2246 hospes,

23 2241 25 2308 i
155 2251 267 2330 lulius,
290 2252 444 2313 assiduum
459 2272 573 2314 nomen
586 2255 618 2313 iu
634 2272 689 2313 ore
707 2271 786 2313 meo,

23 2363 24 2380 ι
101 2334 261 2396 5Protinus
272 2337 355 2396 hune
368 2339 486 2416 primae
502 2355 633 2417 quaeres
649 2339 681 2397 in
696 2336 803 2397 limine
818 2337 952 2396 Tectae:

23 2421 24 2424 ’
157 2420 240 2496 Quos
254 2422 358 2480 tenuit
370 2421 523 2501 Daphnis,
545 2441 627 2481 nune
639 2428 729 2482 tenet
742 2420 816 2498 ille,
834 2419 927 2480 lares.

23 2499 24 2502 ’
118 2501 233 2566 Estilli
248 2505 396 2583 coniunx,
418 2523 496 2582 quae
510 2512 542 2564 te
557 2507 759 2584 manibusque
774 2505 904 2584 sinuque

23 2597 24 2664 ζ
155 2587 315 2669 Excipiet,
338 2595 370 2649 tu
384 2588 434 2649 vel
447 2588 682 2668 pulverulentus
697 2607 759 2651 eas.

23 2675 25 2714 ἱ
119 2669 180 2731 Hos
195 2680 229 2731 tu
249 2689 306 2732 seu
319 2673 439 2750 pariter
453 2675 517 2733 sive
534 2674 614 2733 hane
627 2672 753 2733 illumve
767 2672 905 2751 priorem

87 2763 115 2814 lt
155 2755 299 2832 Videris,
321 2756 382 2816 hoc
397 2755 482 2817 dices
498 2758 645 2835 „Marcus
661 2775 753 2818 avere
766 2754 887 2833 iubet‚“
962 2771 967 2780 ’

23 2839 24 2844 ’
119 2837 157 2898 Et
169 2841 243 2900 satis
260 2845 326 2900 est:
350 2839 425 2901 olios
443 2840 638 2902 commendet
652 2840 800 2921 epistola:
819 2845 929 2919 peceat

156 2923 216 3000 Qui
231 2921 507 2985 commendandum
523 2943 557 2984 se
571 2930 661 3005 putat
679 2943 749 2986 esse
764 2925 836 2984 suis.

521 3059 573 3121 VI.

121 3168 181 3230 Lux
194 3173 252 3232 tibi
266 3179 339 3250 post
351 3171 422 3247 Idus
437 3179 617 3233 numeratur
630 3174 725 3234 tertia
738 3172 855 3250 Maias,

158 3254 363 3336 Marcelline,
385 3259 447 3316 tuis
460 3258 509 3317 bis
525 3255 712 3318 celebranda
727 3257 832 3317 saeris.

121 3335 247 3417 imputat
262 3341 419 3401 aetherios
435 3349 521 3402 ortus
536 3343 614 3402 haec
628 3343 728 3421 prima
741 3341 881 3420 parenti,

159 3421 249 3484 Libat
262 3425 414 3485 florentes
425 3425 502 3486 haee
517 3426 575 3487 tibi
591 3427 691 3505 prima
705 3442 809 3502 genas.

23 3537 24 3570 1
104 3503 229 3583 tMagna
243 3505 322 3569 licet
335 3506 460 3569 dederit
473 3508 626 3569 iucundae
639 3527 767 3570 munera
779 3508 876 3585 vitae,
995 3543 999 3548 ·

159 3589 233 3651 Plus
250 3611 405 3672 nunquam
421 3593 504 3672 patri
518 3594 676 3674 praestitit
689 3591 744 3652 ille
760 3590 837 3652 dies.
969 3607 973 3610 ’
