2442 4209
489 358 534 420 M.
552 357 644 422 VAL.
660 357 887 419 MARTIALIS

245 510 370 572 Mecum
384 512 447 572 eri·
463 530 537 590 ergo
552 513 663 572 mirer:
686 508 769 591 quod
783 512 810 572 si
824 509 900 570 deus
915 528 970 572 ore
985 529 1098 576 aereuo

287 596 458 674 Aunuerit,
480 594 571 674 felix,
594 593 856 673 Candide‚‚aolu=
871 595 945 660 erio.

631 727 727 791 XXV.

229 841 307 916 ¹lla·
323 860 494 921 uunquam,
515 859 639 923 semper
649 841 824 922 promittis,
847 838 955 920 Galla,
976 845 1108 922 roganti

288 925 321 984 Si
336 943 459 1007 semper
472 924 571 1004 sallia,
592 928 653 986 iam
672 943 765 1004 rogo,
787 922 894 1004 (lulla,
917 945 1006 1006 nega.

508 1129 511 1136 ¹
621 1057 732 1122 XXVI.

244 1169 333 1250 Quod
353 1168 513 1250 querulum
531 1172 646 1250 spirat,
669 1168 752 1249 quod
770 1171 915 1231 acerbum
928 1171 1043 1233 Naevia
1057 1172 1161 1249 tussit,

283 1254 381 1334 Inque
396 1260 466 1315 tuos
479 1255 576 1316 mittit
590 1261 680 1335 sputa
694 1250 825 1315 subinde
843 1255 943 1334 uinua,

242 1338 304 1398 Iam
317 1345 350 1400 ie
365 1355 433 1399 reru
446 1338 575 1416 facum,
597 1338 778 1416 Bithynice,
800 1337 902 1399 credi·
919 1339 1061 1400 heberei

283 1423 394 1483 Erras:
414 1419 574 1482 blanditur
586 1420 716 1498 Naevia,
736 1440 800 1482 nou
813 1424 952 1485 moritur.

554 1605 563 1612 .
620 1555 744 1618 XXVII.

241 1667 432 1729 Laudantem
447 1666 564 1730 Selium
578 1688 674 1730 cenae
689 1690 758 1731 cum
774 1672 855 1732 retia
870 1670 973 1732 tendit
1035 1735 1048 1744 ‚

283 1753 417 1832 Accipe,
439 1753 503 1813 rive
517 1750 622 1832 legas,
641 1755 705 1814 aive
719 1761 867 1834 patronus
884 1774 969 1834 agan:

242 1835 399 1914 „Effectei
420 1837 570 1915 graviter!
592 1837 636 1896 st!
656 1839 819 1916 nequiter!
840 1839 933 1917 euge!
958 1839 1069 1900 beate!
1154 1902 1157 1907 ,

282 1921 351 1980 Hoc
365 1918 484 1982 volui!“
511 1920 607 1980 Facta
624 1929 673 1981 eat
686 1922 746 1981 iam
761 1922 818 1982 tibi
834 1941 925 2002 cena,
944 1928 1023 1984 tace.

606 2055 744 2117 XXVIII.

239 2163 353 2224 Rideto
371 2161 499 2225 multum
516 2167 569 2245 qui
586 2173 634 2245 ie,
656 2163 805 2246 Sextille,
828 2166 989 2228 cinaedum

281 2248 402 2308 Dixerit
418 2256 451 2308 et
463 2248 593 2328 digitum
607 2251 760 2331 porrigito
776 2249 919 2314 medium.

240 2330 304 2392 Sed
318 2351 377 2393 nec
390 2331 521 2412 paedico
537 2353 571 2394 es
588 2352 647 2393 nec
660 2340 712 2411 tu,
732 2332 881 2414 Sextille,
902 2335 1041 2415 fututor,

282 2413 378 2476 Calda
394 2417 578 2479 Vetustinae
593 2437 652 2478 nec
666 2419 725 2478 tibi
740 2420 835 2478 bucca
849 2418 962 2501 placet.

218 2499 287 2561 5Ex
300 2499 462 2577 iatin‘nihil
478 2520 512 2562 ea
526 2502 645 2579 fateor,
666 2501 816 2562 SextiIle:
840 2502 914 2582 quid
928 2521 1002 2582 ergo
1019 2506 1083 2565 es?

279 2583 409 2663 Nescio,
431 2584 488 2645 sed
502 2592 537 2646 tu
551 2587 611 2646 acis
628 2605 680 2646 res
694 2605 858 2666 superesse
874 2586 957 2648 duaa.

619 2732 727 2796 XXIX.

237 2846 335 2925 Rufe,
357 2847 443 2909 videa
458 2848 547 2910 illum
562 2849 711 2912 subsellia
723 2853 823 2933 prima
837 2857 1009 2933 terentem,

280 2930 375 2992 Guiuu
391 2938 424 2993 et
438 2934 511 2993 hinc
526 2932 613 2995 lucet
627 2935 852 3016 sardonychata
865 2956 972 2998 manua

239 3013 386 3094 Quaeque
403 3017 510 3096 Tyron
527 3020 643 3078 totiens
659 3027 825 3101 epotavere
838 3018 986 3080 lacernae

157 3160 160 3166 ,
278 3097 322 3157 iit
334 3105 405 3177 toga
419 3119 480 3160 non
496 3108 592 3162 tactas
607 3104 734 3163 vincere
748 3102 830 3164 iussa
842 3104 929 3164 nives
938 3122 961 3182 ,¹

216 3180 335 3242 acutus
351 3181 418 3243 olet
432 3190 498 3244 tolo
514 3187 637 3266 pinguia
653 3207 738 3247 coma
753 3185 959 3248 Marcelliano

278 3264 320 3325 Et
333 3264 501 3346 splendent
515 3270 600 3330 volso
616 3271 743 3331 brachia
756 3272 831 3331 trita
845 3271 927 3351 pilo;

205 3363 210 3374 '
235 3352 306 3412 Nou
320 3350 467 3412 hesterna
482 3352 572 3414 cedet
585 3353 691 3414 lunata
704 3354 820 3434 lingula
833 3355 955 3436 planta,

280 3434 414 3496 coccina
428 3455 491 3496 nou
503 3437 621 3498 laesum
635 3440 736 3518 pingit
750 3439 831 3499 aluta
845 3438 972 3520 pedem,

236 3518 279 3579 iit
292 3537 456 3579 numerosa
469 3519 572 3582 linunt
587 3520 765 3583 stellantem
780 3520 901 3604 splenia
913 3523 1060 3584 frontem.

195 3610 230 3666 10
278 3602 403 3682 Ignoras
419 3603 493 3683 quid
508 3607 572 3665 ait?
590 3607 710 3688 splenia
724 3606 818 3686 tolle,
837 3607 935 3687 leges.
