2442 4209
276 331 620 397 EPIGRAMM'ATON
633 333 708 398 Lib.
724 337 776 400 xi.

505 538 558 601 vi.

98 652 203 713 Unctis
216 648 354 711 falciferi
370 651 454 710 senis
469 649 595 730 diebus,

96 736 250 815 Regnator
265 735 376 815 quibus
389 736 523 815 imperat
537 734 689 815 fritillas,

96 821 194 882 Versu
205 818 317 881 indere
332 839 394 881 non
409 816 566 881 laborioso

96 906 266 986 Pennittis,
286 911 382 985 puto,
402 902 519 985 pilenta
534 906 640 969 Roma.

77 990 220 1067 tRisisti3
240 988 318 1051 licet
331 1008 423 1069 ergo,
444 1009 503 1051 nec
517 996 666 1052 vetamur.

96 1073 253 1135 Pallentes
266 1074 377 1155 procul
390 1075 462 1137 binc
476 1076 561 1137 abite
576 1094 686 1151 curae;

96 1158 251 1241 Quidquid
264 1160 387 1221 venerit
401 1162 540 1240 obvium,
561 1158 725 1241 loquamur

96 1242 218 1306 Morosa
231 1245 301 1307 sinc
317 1246 514 1325 cogitatione.

97 1330 194 1390 Misce
209 1328 371 1410 dimidios,
390 1348 487 1411 puer,
508 1332 659 1409 trientes,

62 1424 91 1475 lo
96 1413 206 1491 Quales
219 1415 411 1495 Pythagoras
427 1414 520 1477 dabat
532 1416 668 1491 Neroni3

96 1499 210 1579 Misce,
231 1497 401 1579 Dindyme,
423 1500 480 1559 sed
493 1501 737 1581 frequentiores.

95 1584 220 1644 Possum
233 1581 279 1644 nil
293 1603 350 1664 ego
366 1585 505 1660 sobrius;
527 1586 648 1647 bibenti

96 1669 283 1731 Succurrent
296 1670 373 1733 mibi
389 1669 565 1749 quindecim
579 1678 701 1752 poetae.

95 1753 137 1813 lia
150 1773 231 1815 nnnc
246 1756 348 1833 basia,
369 1753 425 1815 aed
441 1752 624 1817 (intullians.

62 1837 175 1914 itquse
190 1840 220 1900 si
232 1844 281 1900 tot
294 1838 429 1918 fuerint,
452 1848 527 1919 quot
541 1839 597 1900 ilie
614 1839 708 1919 dixit,

95 1923 218 1985 Donabo
233 1924 291 1984 tibi
304 1942 463 2004 passerem
479 1922 601 1987 catulli.

476 2060 541 2121 Vll.

96 2171 152 2232 lam
167 2180 256 2235 certe
270 2170 394 2254 stupido
410 2192 472 2236 non
490 2172 590 2247 dices,
614 2174 725 2255 Paula,
746 2178 874 2257 marito,

133 2257 183 2318 Ad
196 2258 359 2319 moechum
375 2259 519 2337 quotiens
533 2256 658 2339 longius
672 2262 720 2321 ire
734 2258 839 2341 voles,

95 2342 275 2421 „caesuin
292 2340 446 2407 Albanum
460 2343 551 2405 iussit
565 2364 615 2405 me
629 2364 720 2407 mane
734 2348 859 2426 venire,

132 2427 249 2488 (laesor
265 2427 438 2489 Circeius.“
463 2427 525 2489 Iam
539 2431 669 2511 stropha
684 2429 756 2492 talis
770 2432 845 2493 abit.
977 2490 989 2505 ,

78 2509 273 2593 5Penelopae
287 2510 365 2573 licet
384 2530 453 2573 esse
469 2514 526 2574 tibi
541 2516 598 2575 snb
613 2515 758 2597 principe
773 2517 887 2577 Nersa:

132 2596 197 2657 Sed
213 2597 363 2676 prohibet
375 2598 496 2658 scabies
511 2600 732 2680 ingeniumque
745 2607 843 2662 vetus.

93 2680 218 2760 lnielix,
241 2680 317 2761 quid
333 2682 429 2763 ages?
449 2700 573 2762 aegrum
587 2684 748 2746 simulabis
763 2684 914 2747 amicami

130 2767 285 2827 Haerebit
299 2764 441 2829 dominae
455 2768 502 2827 vir
517 2787 622 2830 comes
637 2771 706 2851 ipse
720 2788 809 2847 suae,

93 2848 148 2910 ibit
162 2858 195 2911 et
211 2850 250 2911 ad
264 2851 394 2912 fratrem
409 2859 513 2912 tecum
528 2860 721 2934 matremque
733 2862 926 2934 patremque.

62 2941 88 2994 10
133 2936 216 3011 Quas
229 2936 325 3015 igitur
338 2935 465 2997 fraudes
480 2938 641 3017 ingeniosa
657 2939 770 3019 paras?

95 3016 221 3080 Diceret
235 3021 424 3100 hystericam
440 3039 474 3081 se
490 3021 622 3083 forsitan
638 3022 739 3083 altera
753 3023 882 3085 moecha

18 3124 19 3133 ι
132 3104 165 3164 ln
184 3104 374 3167 Sinuessano
388 3103 473 3166 velle
487 3105 600 3169 sedere
614 3105 694 3169 lacu.

17 3386 19 3495 i

18 3498 19 3557 i

95 3187 212 3264 Quanto
226 3195 262 3251 tu
276 3187 403 3250 melius!
426 3192 570 3270 quotiens
584 3192 689 3273 piacet
702 3194 750 3253 ire
764 3192 915 3271 intutum,

131 3274 338 3349 Quaererem
355 3276 449 3335 mavis
466 3273 590 3356 dicere,
611 3275 723 3356 Paula,
745 3277 821 3338 viro.

514 3410 591 3472 vni.

94 3518 187 3602 Lapsa
204 3519 289 3602 quod
304 3524 442 3584 externis
457 3524 577 3604 spirant
592 3523 789 3605 opobulsama
804 3527 938 3605 truncis,

131 3604 249 3667 Ultima
264 3604 348 3686 quod
364 3628 456 3669 curvo
471 3627 551 3688 qnae
566 3610 650 3671 cadit
665 3630 737 3670 aura
756 3629 866 3685 creco;

18 3692 19 3703 ¹
95 3687 196 3753 iirnr.
806 3692 846 3755 lt

19 3855 29 4039 t
