2442 4209
147 338 211 402 296
471 338 514 399 M.
530 338 622 400 VAL.
639 336 864 399 MARTIALIS

274 490 341 550 Nun
356 491 419 551 erit
433 491 466 549 iu
482 490 588 569 Stygia
601 490 707 557 notior,
725 491 832 549 umbra
846 488 946 551 domo.

232 574 301 634 Nun
315 572 418 633 aliena
430 571 533 650 videt,
555 572 613 633 aed
627 580 706 632 amat
719 572 910 653 Proserpina
921 579 1035 653 raptast

273 657 335 717 Iate
348 658 406 717 tibi
422 655 574 717 domiuum
590 654 765 717 couciIIavit
778 676 871 717 amor.

631 789 705 851 LIII.

231 900 352 961 Nummi
367 920 435 960 cum
450 902 507 962 tibi
521 902 584 961 aiut
598 918 735 980 opesque
749 906 870 978 tautae,

233 985 368 1060 Quautra
383 986 458 1045 civis
471 986 584 1063 habet,
607 985 759 1062 Paterae,
779 1002 884 1062 rarus,

231 1068 370 1146 Largiris
381 1068 462 1128 nihil
476 1070 667 1148 incubasque
682 1086 791 1147 garae,

232 1153 276 1213 Ut
289 1171 415 1230 maguus
431 1151 541 1226 draco,
564 1170 655 1230 quem
670 1159 782 1211 canunt
795 1157 909 1232 poetae
973 1220 976 1223 ,

146 1242 154 1255 ”
211 1234 403 1298 cormorlem
418 1235 556 1316 Scythici
569 1236 667 1297 fuiaae
681 1234 759 1315 luci.

233 1319 297 1380 Sed
313 1339 418 1398 cauca,
440 1328 474 1381 ut
489 1339 641 1381 memoras
654 1327 688 1379 et
703 1321 771 1400 ipae
784 1320 897 1396 iactus,

232 1405 326 1465 Dirae
339 1402 423 1464 iilius
437 1422 472 1465 ea
486 1405 672 1485 rapacitatis.

232 1486 352 1567 Ecquid
367 1493 402 1547 tu
415 1489 517 1549 fatuus
531 1486 688 1567 rudesque
702 1487 842 1565 quaeris,

232 1570 345 1631 illudar
363 1573 473 1651 quibua
488 1572 672 1650 aciemque
686 1568 845 1630 mentem?

191 1666 226 1719 10
233 1655 314 1716 Huic
329 1672 454 1735 semper
467 1657 542 1716 viiic
556 1660 647 1735 pater
660 1655 756 1715 fuisti.

628 1788 705 1851 LIV.

233 1900 329 1961 Crine
343 1902 456 1981 ruber,
475 1904 565 1981 niger
579 1921 652 1980 ure,
673 1904 776 1963 brevis
790 1898 888 1982 pede,
911 1899 1026 1963 lumiue
1037 1900 1139 1981 laem,

273 1984 351 2044 Rem
365 1992 671 2066 maguamprueatrs,
693 1985 801 2065 Zoile,
823 1985 963 2051 ribonuu
978 2003 1020 2051 ea.
1198 2008 1199 2051 u

618 2120 701 2197 ,uu
1199 2082 1200 2129 ¹

236 2231 341 2290 Grati·
357 2230 409 2309 qui
425 2227 501 2290 dare
516 2250 569 2291 vor
583 2232 687 2309 iubet,
705 2230 846 2311 puellae,

233 2312 456 2374 InsulaiacImua
470 2314 775 2394 Imprcbiaaimuaque
790 2323 848 2378 eat.

234 2392 340 2459 (iratis
354 2416 395 2457 ne
411 2395 500 2474 date,
522 2399 640 2459 baaiate
655 2400 759 2477 gratia.

233 2482 302 2541 Hoc
317 2481 415 2560 Aegle
428 2487 538 2560 regat,
559 2483 619 2542 huc
633 2502 721 2543 arara
734 2481 850 2545 vendii.

197 2564 296 2644 5[Sed
309 2564 422 2626 vendut
436 2567 535 2641 bene,
557 2566 678 2626 basiare
693 2573 838 2645 quantum
852 2567 923 2628 eati

234 2650 303 2710 Hoc
316 2647 424 2709 vendit
439 2667 561 2728 quoque
575 2667 635 2709 nec
648 2647 712 2710 levi
727 2651 863 2730 rapina31

233 2735 297 2794 Aut
309 2731 420 2793 libram
434 2734 516 2813 petit
526 2732 581 2793 illa
596 2734 770 2812 Cosmiani,-

234 2819 297 2877 Aut
310 2819 400 2878 biuua
415 2821 525 2895 quater
539 2836 557 2875 a
571 2835 648 2877 ucva
662 2824 798 2878 moneta:

232 2900 359 2962 Ne'riut
371 2902 456 2960 baria
470 2906 553 2960 muta
567 2920 627 2961 uec
642 2898 790 2979 maIIgua,

192 2986 298 3051 10Nec
312 2985 405 3045 clusis
425 2981 540 3043 aditum
554 2991 649 3064 neget
662 2982 797 3046 labellis.

233 3071 374 3130 Humane
388 3075 492 3129 tamen
505 3069 566 3129 huc
579 3069 670 3148 iacit,
692 3068 749 3129 aed
763 3088 870 3128 unum:

235 3154 340 3216 Gratis
355 3171 433 3233 quae
449 3150 524 3211 dare
538 3154 655 3212 basium
668 3159 807 3231 recusat,

234 3238 338 3311 Grati·
351 3236 474 3316 lingere
488 3253 548 3295 uec
562 3241 686 3297 recurat
703 3236 809 3316 Aegle.

631 3371 709 3433 LVI.

234 3486 387 3563 Aegrctua
401 3501 461 3543 uuo
480 3482 606 3544 deciens
622 3489 674 3543 aut
687 3484 808 3563 saepius
824 3500 918 3562 anuo,

274 3568 341 3630 Nec
353 3568 430 3643 tibi,
452 3566 509 3627 aed
525 3569 615 3628 rubia
631 3568 709 3644 hcc,
729 3566 956 3661 Polycharm.
971 3572 1074 3629 uocet.
