2442 4209
299 352 640 415 EPIGRAMMATON
651 353 725 417 Llli.
739 356 790 417 lX.
1002 359 1065 425 209
1125 303 1127 306 Ι

149 506 350 583 Mandassont
363 506 502 565 manibus
517 504 628 585 gaudia
641 505 735 570 saeua
747 509 819 569 anis.

86 594 202 675 ,Ipsam
217 590 312 651 crede
327 590 385 649 tibi
401 596 539 649 natarum
557 588 664 651 dicere
680 610 799 652 rernm:

76 688 105 740 lo
147 675 250 756 „lstad
265 672 347 754 qnod
363 671 485 752 digitis,
507 673 654 752 Pontice,
675 675 802 755 perdis,
823 676 915 738 lromo
931 684 1011 741 est.“

494 806 585 871 XLII.

113 925 231 1005 Campis
246 921 332 984 dives
346 921 460 1005 Apollo
476 925 520 985 sic
535 924 679 999 marinis,

110 1010 159 1069 Sic
172 1026 295 1089 semper
309 1009 435 1070 senibus
449 1008 555 1069 fruare
571 1007 694 1087 cygnis,

108 1094 220 1155 Doctae
235 1094 280 1153 sic
294 1093 352 1153 tibi
368 1094 504 1153 serviant
517 1109 660 1169 sorores,

108 1178 168 1238 Nec
182 1176 313 1258 Delphis
327 1184 379 1237 tua
393 1176 565 1259 manantur„
575 1172 650 1255 ulli,

92 1262 161 1324 bsic
173 1262 290 1322 Palatia
305 1267 337 1321 te
352 1259 456 1323 colant
470 1266 652 1339 amentque:

108 1346 157 1406 Bis
173 1365 265 1406 senos
279 1346 341 1406 cito
355 1350 389 1405 te
402 1351 533 1425 rogante
546 1344 649 1405 fasces

108 1431 166 1490 Det
177 1428 294 1491 Stellae
309 1431 407 1490 bonus
423 1434 597 1508 annuatque
615 1430 738 1489 Caesar.

107 1513 195 1575 liclia
208 1520 282 1574 tunc
296 1532 354 1594 ego
371 1511 557 1592 debitorque
570 1514 634 1574 voti

108 1600 252 1669 Casurum
266 1600 324 1660 tibi
340 1600 471 1659 rusticas
486 1597 523 1657 ad
539 1617 607 1659 aras

79 1683 218 1745 ioliucam
234 1683 379 1744 cornibus
395 1682 496 1743 aureis
511 1683 681 1742 iuvencum.

108 1768 181 1828 Nata
195 1773 244 1829 cst
257 1768 375 1847 hostia,
397 1767 540 1841 Phoebc3
564 1764 638 1845 quid
653 1764 806 1826 moraris?

488 1900 593 1963 XLlil

109 2016 165 2076 llic
181 2017 234 2095 qui
249 2016 326 2076 dura
339 2014 453 2076 sedens
468 2021 616 2096 porrecto
630 2034 699 2075 saxa
715 2014 806 2075 leone

144 2100 396 2181 Mitigat'exiguo
411 2118 537 2179 magnus
551 2101 584 2159 in
599 2117 672 2159 aere
687 2098 783 2177 deus,

109 2184 253 2263 Quaeque
265 2183 354 2264 tulit,
377 2192 498 2265 spectat
512 2185 660 2265 resupIno
676 2182 779 2245 sidera
793 2182 895 2265 voltu,
933 2214 937 2220 ·

146 2269 240 2329 (luins
254 2266 344 2329 laeva
357 2266 439 2329 calet
452 2271 584 2347 robore,
606 2268 716 2328 dextra
728 2286 831 2328 mero:

90 2351 174 2414 5Non
190 2359 240 2413 est
253 2354 334 2413 fama
346 2372 459 2414 recens
472 2372 531 2414 nec
545 2353 646 2413 nostri
661 2352 759 2431 gloria
774 2351 870 2429 caeli;

146 2435 260 2498 Nobile
274 2437 403 2518 Lysippi
417 2457 526 2499 manns
540 2455 680 2517 opusque
697 2434 792 2497 vides.

108 2518 172 2582 Hoc
187 2522 297 2582 habuit
309 2540 423 2583 numen
438 2514 557 2583 Pellaei
572 2540 678 2583 mensa
694 2523 835 2601 tyranni,

146 2606 206 2683 Qui
220 2606 283 2667 cito
296 2605 472 2687 perdomito
486 2608 585 2667 victor
601 2608 635 2666 in
651 2607 727 2665 orbe
743 2606 835 2668 iacet.

107 2688 194 2749 Hunc
208 2708 287 2770 puer
303 2690 342 2751 ad
354 2690 485 2770 Libycas
501 2692 657 2751 iuraverat
670 2689 826 2750 llannibal
840 2712 924 2767 aras3

76 2781 103 2833 10
144 2775 281 2837 iusserat
293 2776 346 2835 hic
360 2774 476 2837 Sullam
491 2793 609 2855 ponere
626 2792 723 2853 regna
737 2780 867 2837 trucem.

107 2856 248 2918 Offensus
263 2860 366 2921 variae
380 2859 505 2919 tumidis
520 2860 695 2920 terroribus
709 2856 797 2919 aulae

145 2942 287 3004 Privatos
301 2942 414 3023 gaudet
426 2962 507 3003 nunc
521 2945 663 3004 habitare
677 2941 770 3005 lares.

107 3025 208 3105 thue
223 3026 284 3087 fuit
302 3027 454 3107 quondam
467 3026 584 3108 placidi
600 3027 725 3088 conviva
739 3026 915 3108 Molorchi,

146 3110 198 3170 Sic
216 3111 313 3172 voluit
329 3110 412 3173 docti
428 3111 568 3173 Vindicis
583 3131 653 3173 csse
668 3110 757 3175 dens.

489 3247 595 3309 xnlv.

107 3358 236 3422 Alciden
252 3360 342 3423 modo
359 3363 524 3426 Vindicem
538 3366 683 3443 rogabam

107 3442 197 3506 Esset
212 3448 298 3507 cuins
313 3466 389 3527 opus
405 3448 556 3526 laborque
571 3447 657 3511 felix.

107 3526 201 3609 Risit,
222 3550 292 3591 nam
307 3531 391 3595 solet
404 3534 481 3612 hoc,
499 3532 623 3614 levique
642 3542 719 3595 natu

29 3674 30 3703 ,
107 3612 246 3757 ,graece
263 3616 433 3696 numquid“
448 3619 491 3679 ait
501 3624 638 3699 „poeta,
659 3618 786 3681 nescis?
821 3700 861 3762 14

29 3704 30 3725 ¹
163 3715 212 3760 ar.
