2442 4209
289 357 628 423 neronammuon
641 358 716 419 un.
731 339 783 422 m
993 358 1058 423 ιιι

145 512 296 594 Abstulit,
319 515 355 574 ab
372 512 479 593 Stygia
493 532 561 573 eum
576 530 653 572 eane
667 512 754 571 venit
768 531 862 592 aqua;

102 598 277 661 Fecundam
290 598 389 659 vetuit
407 598 547 679 reparari
560 596 712 657 mortibus
725 595 872 675 hydram,

69 696 99 749 10
142 683 313 765 Hesperias
327 681 430 742 Turro
444 681 518 753 lavit
532 681 565 740 in
580 698 668 740 amne
682 680 785 741 borea.

103 769 186 829 Haeo
199 770 300 829 minor
314 765 456 829 Aloideo:
475 766 572 826 maior
587 781 665 843 quae
680 766 830 844 genuerit,
851 765 937 845 audi,

143 854 254 913 Sextua
269 854 306 912 ah
321 849 439 912 Albana
453 868 544 933 quem
559 846 636 909 colit
650 868 722 909 aree
735 847 824 931 lupia.

104 937 244 999 Asaeruit
255 953 399 1017 porsena
411 934 499 996 mulia
512 930 631 994 Palatia
645 934 766 1013 regnis:

141 1020 245 1080 Prima
261 1028 316 1079 auo
330 1019 426 1097 gemit
439 1038 497 1099 pro
511 1020 583 1079 love
596 1015 682 1077 bella
693 1034 782 1097 puer.

70 1097 190 1168 rosolus
205 1101 305 1165 luleaa
319 1121 388 1163 oum
401 1104 461 1162 iam
478 1103 633 1162 retineret
646 1103 798 1178 habenae,

142 1186 289 1249 Tradidit
301 1187 397 1266 inque
411 1205 466 1247 auo
480 1187 592 1247 tertius
607 1186 683 1245 orbe
696 1185 765 1246 fuit.

104 1274 224 1333 Cornua
238 1270 401 1335 Sarmatici
413 1279 463 1331 ter
478 1268 598 1351 perlida
612 1266 753 1329 contudit
767 1268 885 1347 Hiatrl,

141 1355 311 1416 Sudantem
327 1355 437 1417 (letica
451 1361 501 1416 ter
519 1355 589 1413 nive
604 1351 680 1413 lavit
695 1371 816 1432 equum.

104 1440 201 1522 Saepe
215 1445 357 1500 recusato
387 1458 499 1520 parona
512 1437 636 1498 dunione
651 1436 824 1517 triumphoa
929 1450 937 1465 ·

70 1534 99 1588 20
142 1525 253 1587 Victor
266 1524 473 1603 Hyperboreo
487 1539 600 1582 nomen
616 1522 652 1581 ab
667 1522 744 1581 orbe
758 1519 839 1582 tulit

105 1608 232 1689 Templa
250 1605 333 1685 dein,
354 1626 457 1667 morea
469 1604 584 1688 populo
599 1604 702 1683 dedit,
721 1605 901 1683 otialerro,

143 1695 237 1753 Astra
251 1692 331 1769 auia,
353 1690 439 1751 eaelo
455 1688 575 1767 nidera,
597 1695 683 1751 aerta
695 1689 767 1751 lovi

104 1773 290 1837 Herculeum
304 1776 398 1835 tantia
413 1792 525 1835 numen
540 1792 603 1834 non
617 1772 734 1833 suffieit
748 1774 839 1833 aetia:

143 1860 280 1939 Tarpeio
295 1858 371 1919 deur
385 1860 438 1920 hle
453 1856 629 1919 commodet
645 1877 699 1917 ora
711 1857 803 1937 patri.

508 1993 569 2054 cli.

20 2122 21 2127 ¹
106 2106 404 2187 Quadringentorum
416 2105 523 2169 reddia
536 2107 628 2184 mihi,
649 2106 795 2186 Phoebe,
813 2106 959 2169 tabellam

145 2192 277 2251 (lentum
292 2189 331 2251 da
344 2190 447 2271 potius
462 2197 582 2270 mutua,
603 2190 748 2268 Phoebe,
769 2191 855 2253 mihi.

107 2275 223 2352 Quaere
238 2274 349 2353 alium,
371 2276 421 2335 eui
435 2283 472 2335 to
482 2282 544 2335 tam
561 2294 638 2335 vano
653 2293 781 2336 munere
797 2276 911 2336 laetere

145 2357 234 2435 Quod
247 2360 305 2420 tihi
319 2377 382 2420 nou
400 2378 525 2440 poenum
538 2355 677 2437 solvere,
698 2359 843 2438 Phoebe,
865 2376 967 2420 meum
979 2365 1036 2421 eat.

502 2494 576 2553 0111.

21 2618 22 2623 ’
108 2604 187 2681 Quae
200 2625 279 2666 nova
292 2611 354 2666 tam
369 2604 487 2665 similes
501 2607 608 2685 genuit
622 2606 680 2668 tihi
693 2603 780 2666 Leda
794 2605 836 2666 m⁰
858 2604 975 2665 iatroo?

22 2712 23 2720 ¹
147 2690 229 2767 Quae
245 2694 334 2771 capta
348 2695 397 2749 ert
409 2687 469 2750 alio
486 2689 569 2750 nuda
581 2689 723 2750 Lacaena
736 2709 832 2770 cyeno
845 2732 853 2749 .

107 2772 161 2833 llat
172 2775 285 2835 faeiem
299 2771 411 2835 Pollux
425 2774 539 2852 Hiero,
560 2773 613 2833 dat
628 2774 739 2835 Gaator
753 2771 871 2850 Auillo,
975 2784 982 2794 ’

23 2884 24 2895 ¹
144 2859 246 2937 Atque
261 2859 295 2918 in
308 2863 441 2937 utroque
454 2859 536 2918 nitet
550 2856 706 2937 Tyndaris
722 2876 777 2919 ore
793 2876 893 2918 aoror.

23 2996 24 3017 ,
92 2940 166 3002 tiata
179 2941 393 3023 Therapnaeis
409 2943 437 3025 ri
450 2942 550 3002 forma
564 2942 676 3003 iuioaet
688 2939 844 3021 Amyclis,

145 3028 218 3087 Cum
234 3028 338 3087 vicere
353 3024 428 3088 duaa
442 3025 523 3086 dona
536 3026 656 3086 minora
670 3025 761 3100 deaa3

22 3118 24 3193 ᾗ
108 3108 286 3189 Manslaaea,
307 3109 446 3189 Helene,
464 3111 696 3189 Phrygiamque
709 3108 846 3170 rediaaet
857 3108 891 3167 in
903 3104 987 3168 ldam

23 3200 24 3223 ¹
143 3195 314 3256 Dardanius
329 3195 451 3273 gemino
466 3214 535 3256 oum
553 3192 733 3274 Ganymede
746 3193 844 3255 Paria.
