2442 4209
311 338 651 402 EPIGRAMMATON
663 339 739 401 LlB.
754 340 777 404 1.
1024 333 1068 404 ³⁷

117 491 184 553 otia
198 490 238 552 da
252 492 362 570 uobis,
384 491 442 552 sed
457 489 558 572 qualia
569 491 692 552 iecerat
704 486 780 553 olim

148 576 317 638 Maecenas
330 575 443 636 Plaeeo
458 573 662 655 Vergilioque
677 595 749 636 suo:

93 657 257 723 scondere
270 661 406 720 riuturus
418 663 568 739 temptem
581 676 641 740 per
655 656 777 720 saeoula
789 675 879 720 eurus

152 744 194 806 Et
208 761 323 805 nomen
336 745 465 804 flammis
483 743 636 823 eripuisse
651 761 761 805 meum.

113 829 144 889 lu
156 827 283 890 steriles
297 827 408 888 uolunt
423 846 545 908 campos
559 827 630 905 iuga
644 828 732 888 ferre
746 829 885 888 iuvencis

152 913 271 992 Pingue
286 911 385 973 solum
398 910 509 989 lassat,
524 909 582 970 sed
595 913 680 972 iuvat
697 912 766 992 ipse
780 910 881 977 labor.

489 1046 597 1109 cvm.

111 1157 167 1219 list
180 1157 239 1218 tibi
253 1159 357 1238 aitque
374 1175 488 1237 precor
502 1157 615 1220 multos
630 1161 813 1236 crescatque
849 1175 886 1218 er
900 1176 995 1219 snuoa

150 1239 287 1302 Pulchra
301 1240 448 1321 quidem,
469 1260 576 1302 verum
590 1240 814 1301 transtiberina
827 1176 953 1303 domus:

109 1327 150 1386 At
164 1344 232 1385 mea
248 1325 402 1405 Vipsanas
417 1329 561 1406 speetaut
574 1322 721 1385 cenacula
734 1321 856 1404 laurus,

148 1409 264 1470 Faetus
278 1410 312 1468 in
325 1409 383 1469 huo
398 1427 456 1488 ego
474 1427 541 1468 sum
554 1410 614 1468 iam
627 1409 757 1487 regione
772 1427 876 1472 senex.

90 1489 307 1572 5Migraudum
323 1498 390 1571 est,
412 1498 448 1552 ut
460 1510 552 1553 mane
565 1491 647 1552 domi
661 1497 710 1570 te,
731 1491 837 1573 Galle,
858 1492 1005 1557 salutem:

148 1577 191 1637 Es
205 1577 303 1655 tanti,
324 1573 375 1637 vel
390 1577 417 1638 sl
436 1575 558 1655 longius
572 1573 627 1636 illa
641 1575 735 1638 foret.

110 1659 172 1720 Sed
186 1661 245 1721 tibi
260 1679 324 1720 uon
339 1658 470 1722 multum
484 1667 549 1740 est,
570 1679 664 1721 unum
678 1661 705 1720 si
721 1668 846 1741 praesto
860 1668 1015 1743 togatum

149 1742 287 1806 Multum
301 1750 367 1823 est,
388 1746 471 1806 hune
483 1764 577 1806 unum
592 1747 618 1807 ιί
632 1744 725 1823 mihi,
747 1743 856 1826 Gella,
877 1765 967 1827 nego.

111 1829 181 1910 lpse
195 1827 337 1889 salutabo
353 1827 471 1890 decima
485 1836 518 1891 te
536 1832 658 1912 saepius
672 1829 763 1889 hora:

71 1921 102 1973 lo
146 1912 242 1973 Mane
257 1913 316 1975 tibi
329 1921 387 1994 pro
401 1932 451 1974 me
465 1912 550 1975 dieet
565 1931 670 1978 avnro
684 1909 776 1975 liber.

508 2049 585 2109 cix.

107 2159 171 2220 Issa
184 2165 234 2220 est
245 2176 376 2240 passere
387 2163 520 2241 nequior
534 2159 666 2240 Catulli,

106 2243 170 2303 lssa
184 2248 233 2304 est
245 2245 356 2324 purior
373 2244 479 2306 osculo
495 2245 671 2325 columbae,

107 2326 172 2387 issa
188 2333 238 2387 est
251 2325 397 2390 blandior
412 2330 552 2390 omnibus
568 2329 700 2410 puellis,

105 2410 172 2470 lssa
187 2417 236 2472 est
250 2413 352 2472 carior
365 2412 479 2474 indicis
493 2412 624 2494 lapillis,
711 2452 715 2457 ,

87 2494 174 2556 tissa
188 2500 238 2555 est
252 2494 384 2557 deliciae
398 2496 509 2558 catella
522 2497 623 2558 Publi.

105 2578 196 2638 ilaue
207 2584 259 2658 tu,
279 2580 305 2640 si
320 2583 477 2660 queritur,
497 2580 585 2660 loqui
598 2583 739 2663 putabis3

106 2661 212 2722 Sentit
227 2665 448 2745 tristitiamque
463 2665 676 2745 gaudiumque.

11 2769 13 2774 ·
107 2744 201 2806 Collo
216 2748 287 2808 nixa
302 2749 393 2809 cubat
407 2752 551 2831 cupitque
566 2769 708 2829 somnos,
732 2791 735 2795 ›

104 2829 149 2890 Ut
162 2832 297 2910 suspiria
311 2830 398 2892 nulla
411 2835 601 2912 sentiuntur;

71 2913 144 2975 lolli
160 2913 320 2975 desiderio
333 2924 441 2984 eoaetu
451 2920 569 2979 ventris

106 2997 203 3058 Gutta
217 2997 313 3078 pallia
327 3019 391 3060 non
404 2999 523 3062 ieiellit
536 3001 618 3082 ulla,
655 3050 662 3058 .

105 3081 171 3142 Sed
185 3081 299 3143 blaudo
312 3082 394 3164 pede
407 3087 537 3146 suscitat
549 3093 682 3167 toroque

103 3165 228 3247 Deponi
240 3173 349 3228 mouet
364 3175 397 3230 et
405 3178 498 3250 rogat
509 3169 617 3235 levari.

104 3249 217 3311 Gestae
231 3257 336 3312 tantus
350 3254 433 3314 inest
446 3253 548 3336 pudor
563 3253 709 3335 catellae,

69 3342 97 3394 15
104 3333 231 3412 Ignorat
244 3336 419 3414 Venerem
440 3357 499 3400 nee
513 3341 685 3401 invenimur

11 3443 12 3500 q
103 3417 238 3497 Dignum
252 3425 316 3481 tum
329 3426 439 3482 tenera
456 3425 554 3484 virum
568 3422 684 3506 puella.

11 3515 13 3582 ι
102 3501 192 3562 Hane
201 3521 245 3563 ne
257 3501 311 3564 lux
324 3507 425 3587 rapiat
438 3525 580 3587 suprema
593 3513 706 3588 totam,

11 3613 13 3652 ,
102 3584 192 3648 Picta
205 3586 337 3648 Publius
353 3591 499 3670 exprimit
511 3589 645 3672 tabella,
