2442 4209
512 346 556 407 M.
573 344 665 408 VAL.
682 341 909 404 MARTlALlS

644 545 779 608 LXXIX.

274 666 404 744 Semper
419 665 483 743 agir
497 681 601 724 causer
617 670 651 723 et
664 680 717 722 rer
733 665 814 740 agio,
836 663 961 743 Attole,
981 686 1121 750 semperr

313 750 387 826 Est,
408 767 470 808 non
484 745 631 825 estquod
646 765 734 825 eges,
756 745 878 825 Attalo,
898 768 1022 830 semper
1037 754 1112 832 agio.

274 833 308 894 Si
322 851 373 892 res
388 837 420 892 et
434 850 541 892 consue
559 831 687 908 derunt,
709 833 790 915 ogis,
812 831 936 912 Attalo,
957 835 1064 898 mules.

315 912 437 994 Attulc,
460 915 596 995 nequod
615 933 686 992 egos
700 912 800 1001 decit,
813 935 893 994 eger
912 919 1049 981 animum.

641 1049 764 1109 LXXX.

216 1199 221 1212 ·
273 1162 433 1245 Sportula,
455 1163 555 1242 (lune,
575 1165 634 1225 tibi
649 1182 794 1245 suprema
808 1143 900 1226 nocte
913 1168 1013 1246 petito
1027 1174 1087 1233 cau

315 1247 439 1309 Occidit
452 1253 527 1329 puto
542 1253 592 1326 te,
615 1249 716 1326 cunc,
739 1248 821 1328 quod
834 1269 894 1309 unu
906 1251 974 1313 fnit.
1039 1259 1042 1264 '

639 1381 775 1444 LXXXI.

272 1496 300 1554 A
315 1513 405 1555 servo
421 1497 480 1556 scir
495 1501 527 1556 te
542 1496 679 1574 genitum
694 1494 872 1576 blandeque
886 1497 1011 1578 luterio,

315 1580 393 1639 Cum
407 1578 485 1641 dicis
499 1579 672 1656 dominum,
694 1580 873 1660 Sosibiune‚
892 1589 1022 1663 putrem.

517 1709 524 1720 '
629 1716 780 1780 LXXXII.

271 1830 357 1891 llaec
372 1848 450 1910 quoe
464 1829 594 1910 pulvere
611 1832 760 1912 dissipatu
774 1828 869 1889 multo

271 1915 391 1994 Longu·
404 1916 543 1994 porticus
559 1914 695 1994 explicet
707 1915 832 1991 ruinas,

271 1999 406 2059 lntunto
421 2000 503 2057 iacet
517 1999 658 2059 obsolute
672 2018 753 2059 casu.
806 2045 808 2047 »

272 2082 380 2142 Tectis
397 2100 466 2140 num
481 2080 572 2142 morlo
589 2082 725 2162 Regulus
740 2084 796 2142 sub
810 2079 875 2143 illis

248 2167 419 2229 attestatus
432 2166 536 2226 iuerat
551 2172 809 2244 recenseatque,

272 2251 362 2312 Victo
378 2255 427 2310 est
439 2249 580 2330 pondere
596 2272 664 2312 cum
679 2271 734 2310 suo
749 2257 899 2330 repente3

270 2335 313 2395 Et
325 2341 487 2415 potquam
503 2333 628 2395 domIno
645 2333 725 2395 nihil
746 2337 890 2414 timebat,

225 2461 230 2470 ·
272 2419 388 2479 Securo
406 2419 471 2478 ruit
483 2419 647 2480 incruenta
663 2418 783 2479 damno.

272 2503 408 2580 Tantae,
429 2501 565 2582 Regulo,
584 2509 657 2584 port
671 2510 786 2562 mctum
801 2501 962 2580 querellae

231 2589 348 2664 loQuis
364 2607 467 2647 curum
482 2593 577 2668 neget
592 2605 663 2647 esse
677 2593 710 2646 te
726 2586 872 2664 deornm,

269 2672 405 2753 Propter
421 2689 511 2750 quem
525 2672 585 2731 fuit
598 2673 748 2730 innocens
762 2671 873 2730 ruina?

625 2805 786 2868 LXXXlll.

274 2918 317 2978 os
334 2924 367 2978 ct
384 2916 471 2978 lubre
485 2919 543 2978 tibi
557 2916 666 2998 lingit,
686 2920 827 2997 Muneio,
849 2917 993 2979 catellus:

311 3001 381 3062 Non
395 3004 507 3081 miror,
529 3003 653 3064 merdas
670 3005 697 3063 oi
711 3002 791 3063 libet
805 3023 875 3064 esre
894 3004 970 3066 cuni.

627 3138 792 3202 LXXXIV.

268 3249 405 3311 Uxorem
421 3250 593 3312 habendum
607 3271 669 3312 non
683 3258 773 3333 putat
789 3248 971 3330 Quirinalis,

270 3333 348 3395 (lum
362 3335 438 3395 velit
451 3336 568 3396 habere
582 3335 681 3415 filios,
703 3344 736 3397 et
754 3339 873 3397 invenit

269 3419 337 3495 Quo
351 3421 450 3500 possit
462 3417 546 3480 istud
561 3439 664 3481 more:
685 3421 780 3481 futuit
794 3420 921 3485 ancillor

270 3504 461 3582 Domumque
476 3509 509 3564 et
523 3524 614 3584 egros
627 3505 739 3586 implet
751 3506 908 3585 equitibus
920 3503 1034 3566 vetnit.

271 3587 367 3648 Pater
381 3588 515 3649 familiae
531 3608 623 3650 veruo
637 3598 687 3651 est
702 3589 880 3668 Quirinalis.
