2442 4209
308 324 648 389 ermemmarus
663 326 737 391 ΠΒ.
757 328 795 391 V.
1008 328 1070 393 123

493 527 599 591 LXIV.

116 642 293 719 Sextantes,
315 640 462 721 Calliste,
485 641 562 703 duur
576 643 707 704 infunde
720 643 867 722 Falerni,

154 725 204 785 Tu
219 744 312 806 super
327 728 473 803 aestivas,
495 724 635 804 Alcime,
657 726 742 789 sulre
756 730 853 791 nives.

113 809 295 888 Pinguescat
308 810 403 870 nimiu
417 809 557 872 madidus
571 812 649 872 mihi
662 813 757 873 crinis
772 830 889 872 amomo

151 894 382 973 Lassenturque
397 896 477 955 rossi
491 900 634 975 tempora
646 894 801 959 sutilibus.

95 976 172 1038 aiam
184 978 285 1037 vicina
296 979 408 1038 iubent
420 997 477 1039 nes
493 980 598 1040 rivere
614 979 790 1057 Mausolea,

151 1062 228 1123 (ium
242 1060 391 1140 doceant,
412 1062 496 1143 ipsus
510 1082 602 1143 porse
615 1064 723 1144 perire
736 1062 822 1127 deus.

498 1195 591 1259 LXV.

113 1310 201 1371 Astra
218 1309 394 1399 polumque·
401 1310 505 1389 dedit,
527 1312 662 1390 quamvis
677 1312 820 1370 obeunte
830 1327 980 1388 noverea,

151 1394 279 1455 Alcidae
292 1395 426 1456 Nemees
438 1402 543 1456 terror
556 1401 590 1456 et
603 1396 701 1455 Areas
719 1412 795 1475 aper

113 1479 151 1539 ut
163 1480 342 1558 eutigatum
356 1479 491 1559 Libycae
505 1498 628 1540 ceroma
640 1476 816 1559 palaestrae

150 1564 191 1624 let
205 1565 305 1641 gravis
320 1565 354 1624 in
370 1562 476 1625 Siculo
492 1562 623 1644 pulvere
637 1571 723 1625 tusus
736 1563 838 1642 Eryx,

96 1646 324 1727 insidiarumque
338 1654 472 1727 tremor,
494 1649 588 1708 tacita
602 1650 655 1728 qui
667 1646 777 1707 fraude
793 1644 914 1709 solebat

150 1733 272 1792 Ducere
285 1749 345 1792 nec
358 1739 460 1794 rectas
477 1733 576 1792 Cacus
587 1733 621 1791 in
637 1739 725 1792 antra
739 1733 842 1791 hoves.

113 1816 168 1876 ista
182 1812 271 1895 tuae,
295 1818 427 1895 Caesar,
450 1822 543 1896 quota
556 1835 630 1896 pars
643 1821 803 1897 spectatur
816 1813 976 1876 harenae?

150 1901 208 1960 liat
221 1902 338 1961 maiora
351 1920 447 1962 novun
462 1899 582 1981 praelia
593 1919 684 1961 mane
697 1899 775 1960 dies.

113 1984 189 2059 Quot
203 1986 343 2063 graviora
358 1984 471 2045 cadunt
484 1985 640 2046 Nemeaea
654 1982 794 2065 pondera
805 1982 967 2043 monstro?

80 2078 108 2129 ιο
150 2070 230 2146 Quot
244 2077 297 2129 tna
311 2069 484 2131 Maenalius
498 2067 634 2129 eollueat
648 2071 737 2130 hasta
751 2067 846 2128 sues?

113 2151 269 2214 Reddatur
282 2156 309 2214 si
323 2172 425 2233 pugna
437 2152 553 2233 triplex
568 2155 704 2234 pastoris
718 2153 847 2230 Hiberi,

149 2238 205 2298 list
218 2239 277 2298 tibi
291 2240 344 2319 qui
357 2241 456 2318 possit
469 2240 594 2299 vincere
609 2239 796 2317 Geryonem.

113 2320 207 2402 Saepe
221 2320 298 2383 licet
312 2322 424 2383 Graiae
439 2330 621 2384 numeretur
635 2321 727 2383 belua
740 2322 879 2397 Lernae,

150 2406 292 2486 Improba
306 2404 433 2467 Niliacis
448 2405 524 2486 quid
535 2408 611 2467 facit
624 2406 733 2487 Hydra
746 2404 845 2465 ieris?

79 2497 106 2549 15
112 2489 167 2549 Pru
182 2490 304 2551 meritis
319 2488 436 2551 eaelum
450 2492 562 2569 tantis,
584 2492 738 2570 Auguste,
762 2487 919 2548 dederunt

24 2584 26 2625 i
149 2572 279 2635 Alcidae
294 2576 357 2635 eitu
372 2574 421 2654 di,
439 2574 496 2636 sed
509 2576 568 2636 tibi
582 2594 655 2635 sero
671 2574 796 2635 dabunt.

490 2710 596 2772 LXVI.

24 2812 25 2903 ᾗ
111 2819 206 2901 Saepe
221 2820 372 2884 salutatus
385 2840 539 2902 nunquam
553 2822 642 2903 priur
654 2823 722 2902 ipse
738 2818 870 2881 salutas:
888 2868 892 2874 .

24 2916 26 2983 i
150 2905 201 2966 Sia
217 2909 280 2967 eris
295 2912 472 2986 aeternum,
494 2905 686 2983 Pantiliane,
708 2902 796 2969 Vale.

24 3066 26 3105 .
486 3036 621 3103 nivii.-

110 3150 260 3213 Hibernus
274 3159 423 3233 peterent
437 3152 528 3215 solitu
544 3172 613 3215 cum
626 3170 713 3213 mure
728 3168 872 3212 reuersus

24 3262 25 3311 3
148 3236 311 3316 Atthides,
332 3237 365 3298 in
378 3237 460 3299 nidis
474 3258 535 3297 una
548 3237 698 3297 remansit
712 3235 785 3296 aris.

112 3318 310 3400 Deprendere
322 3323 410 3382 nefas
426 3321 464 3382 ad
477 3330 619 3401 tempora
632 3338 727 3380 verna
740 3337 886 3379 reversae

147 3405 187 3465 lit
199 3406 362 3485 profugam
374 3404 517 3466 volueres
533 3403 691 3485 diripuere
707 3423 800 3464 suam.

95 3484 184 3548 utero
200 3487 288 3550 dedit
301 3508 433 3569 poenas:
457 3488 593 3569 discerpi
606 3490 697 3549 noxie
712 3495 816 3548 mater·

24 3596 25 3603 ¹
148 3573 321 3653 Debuerat,
342 3573 399 3635 sed
410 3580 500 3653 tune,
523 3591 590 3633 eum
604 3571 753 3632 lacerarit
766 3570 845 3652 ityu.

24 3688 26 3795 i
