2442 4209
169 344 234 413 180
313 391 317 399 -
493 346 537 407 Μ.
553 344 889 410 VAL.MART1ALIS
960 409 965 417 ,

231 500 298 563 uult
312 462 401 580 onam
414 518 478 559 uon
490 498 638 576 tetricus,
661 518 750 578 quarn
766 496 851 559 nulla
864 498 991 560 nubilus
1006 502 1066 577 ira,
1194 548 1196 565 j

297 585 394 659 Quam
407 582 532 664 placido
546 586 670 642 nostras
685 580 808 662 legerat
823 600 878 642 ore
892 585 1022 663 preces!

254 665 342 729 Talia
357 665 548 748 supplicibus
562 666 674 725 tribuit
689 665 864 727 diademata
876 667 974 729 lisois

295 752 337 811 Et
350 748 541 831 capitolinas
557 750 645 829 itque
659 746 806 830 reditque
820 750 893 812 vias.

253 837 309 895 Dio
323 852 451 915 precor,
472 854 490 894 o
505 834 606 894 nostri
621 832 673 893 die
688 834 812 893 conscia
826 835 914 913 virgo
929 833 1096 914 Tonantis,
1194 857 1196 860 ·

214 932 248 983 lo
296 918 330 979 Si
343 925 436 997 negat
448 918 509 978 hoc
522 916 625 995 voltu,
645 936 706 997 quo
721 917 802 978 solat
816 934 893 996 ergo
908 916 1010 978 dare?
1194 972 1196 985 ,

254 1003 306 1063 Sto
321 1021 394 1082 ego:
417 1003 461 1062 sie
473 1002 613 1061 breviter
628 1002 730 1081 posita
748 1001 825 1062 mihi
840 1000 989 1081 Gorgone
1003 1001 1114 1063 Pallas:
1194 1010 1196 1054 ῐ

295 1088 403 1166 „Quae
416 1085 553 1147 nondum
569 1084 640 1145 data
655 1092 743 1164 sunt,
764 1085 877 1165 stulte,
899 1091 1012 1165 negata
1026 1086 1145 1168 ιιιῐιιῖιι
1194 1067 1196 1157 ξ

667 1226 719 1289 ΧΙ.

256 1336 345 1418 Quod
359 1359 421 1399 non
435 1339 477 1399 sit
490 1336 626 1419 Pylades
638 1339 699 1399 hoe
711 1345 871 1420 tempore,
891 1359 956 1400 non
970 1342 1013 1401 sit
1028 1341 1157 1420 Orestes,
1194 1355 1196 1431 Ι

298 1422 447 1485 Miraris?
474 1422 625 1502 Pylades,
644 1422 771 1502 Marce,
792 1424 922 1484 bibebat
933 1422 1038 1505 idern,

254 1508 322 1571 Nee
336 1505 447 1567 melior
460 1508 549 1587 panis
562 1506 712 1567 turdusve
726 1506 858 1568 dabatur
872 1507 1024 1588 Orestae,

298 1591 361 1652 Sed
374 1610 431 1672 par
448 1598 541 1670 atque
555 1587 664 1651 eadem
679 1610 756 1652 cena
770 1590 890 1652 duobus
904 1599 982 1653 erat.

235 1676 308 1740 5'l'u
323 1676 458 1736 Lucrina
471 1694 577 1753 voras,
597 1694 646 1736 me
661 1676 761 1755 pascit
774 1695 889 1755 aquosa
903 1674 1047 1738 Peioris:

298 1760 367 1821 Nou
381 1761 481 1819 minua
495 1760 630 1839 ingenua
644 1771 693 1820 est
708 1760 847 1837 etmihi,
869 1760 996 1839 Marce,
1020 1760 1097 1841 gula.
1194 1767 1196 1782 '

257 1845 306 1907 'Pa
321 1842 455 1905 Cadmea
472 1844 593 1923 Tyros,
613 1861 662 1904 me
675 1845 798 1925 pinguis
814 1841 919 1904 Gallia
931 1846 1044 1905 vestit:

298 1929 355 1992 Vis
367 1935 400 1989 te
414 1946 620 2010 purpureum,
641 1929 766 2005 Marce,
788 1934 910 2007 sagatus
926 1930 1053 1989 amomi

255 2014 300 2076 Ut
312 2018 467 2093 praestem
481 2008 638 2091 Pyladen,
660 2010 773 2091 aliquis
787 2014 862 2072 mibi
876 2019 1022 2093 praestet
1038 2014 1168 2075 Oresten.

215 2110 250 2163 10
297 2097 366 2157 Hoc
379 2116 441 2156 non
455 2096 492 2156 itt
504 2097 624 2172 verbis,
645 2096 770 2156 Marce:
789 2101 827 2157 nt
841 2098 970 2177 ameris,
988 2118 1066 2160 ama.

636 2229 728 2292 ,ΧΗ

257 2347 341 2406 iurat
355 2340 483 2423 capillos
502 2361 588 2423 esse,
611 2363 688 2423 quos
703 2345 795 2422 emit,
816 2362 887 2403 suos

255 2424 402 2491 Fabullo:
424 2427 589 2508 numquid,
609 2425 758 2506 †Paule,
778 2426 923 2507 peierat?

656 2562 735 2624 XIII.

258 2676 333 2754 Quis
349 2682 380 2735 te
395 2671 543 2734 Phidiaco
558 2674 735 2753 formatam,
756 2670 850 2752 lulla,
873 2672 976 2752 eaelo,

299 2756 361 2822 Vel
377 2759 444 2837 quis
459 2754 619 2819 Palladiae
634 2778 696 2819 non
710 2763 800 2839 putet
814 2757 891 2818 artis
905 2757 1007 2837 opust

258 2842 399 2907 candida
411 2860 475 2902 uon
488 2844 583 2902 tacita
595 2843 768 2923 respondet
782 2843 916 2921 imagine
929 2839 1048 2922 lygdos

299 2928 342 2991 ut
354 2925 476 3007 placido
492 2922 595 3005 fulget
607 2928 692 2987 vivus
706 2929 738 2988 in
754 2945 808 2988 ore
822 2924 937 3006 liquor.

236 3012 354 3077 5Ludit
366 3008 523 3089 Acidalio,
546 3008 603 3071 aed
616 3031 679 3071 non
695 3030 801 3072 manus
817 3028 943 3091 aspera,
963 3008 1070 3091 nodo,

301 3098 400 3172 Quem
413 3094 517 3177 rapuit
531 3093 630 3174 collo,
652 3114 747 3175 parve
762 3093 900 3175 cupido,
922 3100 987 3158 tuo.

259 3182 303 3243 Ut
316 3179 429 3241 Martis
441 3182 607 3240 revocetur
621 3198 708 3240 amor
721 3180 892 3258 summique
908 3179 1085 3259 Tonantis,

300 3265 328 3325 A
342 3271 374 3325 te
391 3264 465 3325 luno
479 3267 568 3344 petat
581 3268 690 3323 eeston
704 3270 738 3325 et
751 3264 819 3345 ipsa
833 3263 949 3325 Venus.

651 3397 732 3460 xlv.

254 3516 374 3579 Versus
389 3513 528 3575 seribere
542 3518 683 3593 possete
700 3510 836 3572 disertos

256 3601 420 3677 offirmas,
440 3598 569 3659 Laberi:
592 3595 667 3675 quid
681 3612 756 3674 ergo
770 3614 833 3656 non
852 3595 920 3655 vis?
