2442 4209
166 314 227 377 198
491 313 535 373 Μ
550 311 643 375 VAL
661 312 889 373 MARTIALIS

291 480 376 591 tlve,
391 534 433 575 ιιιι
423 515 580 593 Torani,
594 516 694 575 frater
709 516 877 577 carissime.
902 516 1101 597 Epigramma,
1113 517 1175 597 quod
1194 463 1196 586 l

208 605 295 658 extra
309 599 449 660 ordinem
464 600 644 701 paginarum
663 605 730 678 est,
749 598 789 659 ad
806 599 990 671 Stertinium
1009 600 1175 661 clarissimum
1194 591 1196 656 l

206 684 305 743 virum
325 684 521 764 scripsimus,
549 684 601 763 qui
625 684 789 763 imaginem
803 703 903 744 meam
917 703 1035 765 ponere
1048 686 1079 744 in
1089 673 1196 766 biblio-l

205 768 298 827 theca
320 786 374 827 sua
401 766 506 829 voluit.
554 768 606 828 De
631 787 692 847 quo
716 768 917 829 scribendum
937 771 996 829 tibi
1020 770 1196 860 putuvi,
1148 777 1196 827 nel

183 852 384 929 dignorarcs,
413 852 521 913 Avitm
542 854 603 912 lste
618 853 687 930 quis
700 857 875 913 vocaretur.
917 850 998 915 Vcle
1018 859 1050 913 et
1062 825 1196 986 parabol

206 933 340 1014 spitlum

144 1225 148 1229 “
248 1216 404 1295 Augustus
418 1217 505 1276 annis
520 1216 726 1277 commodabit
741 1223 893 1291 aestatem

248 1300 327 1359 Dum
342 1300 459 1379 grande
473 1299 579 1360 famuli
595 1320 709 1361 nomen
724 1307 845 1362 asseret
858 1262 985 1361 Rheni

248 1384 498 1445 Germanicarum
513 1404 621 1465 magna
625 1385 686 1444 lux
699 1383 921 1459 Kalendarum

227 1466 387 1549 5'l'arpela
401 1470 509 1529 summi
525 1488 594 1529 sana
611 1468 683 1528 dnm
696 1471 795 1549 patris
809 1431 951 1547 staburlt,

251 1553 327 1611 uum
342 1572 417 1613 voce
432 1550 562 1633 supplex
576 1552 710 1633 dumque
726 1559 797 1613 ture
812 1549 950 1634 placabit

248 1636 393 1697 Matrona
412 1636 499 1697 divae
516 1636 608 1698 dulce
622 1636 719 1697 iuliae
733 1656 863 1699 numen:

247 1719 389 1782 Manebit
403 1721 496 1782 altum
510 1722 637 1783 Flaviae
653 1721 748 1782 decus
763 1724 865 1801 gentis

248 1805 325 1865 (ium
340 1804 406 1866 sole
421 1812 454 1867 et
468 1798 559 1867 as'tris
574 1824 704 1885 eumque
716 1806 788 1867 luce
802 1807 947 1867 Romana.

206 1887 361 1949 lolnvicta
376 1889 527 1970 quidquid
544 1890 685 1951 condidit
703 1910 825 1968 manus,
848 1889 928 1952 caeli
942 1896 1000 1951 est.
1120 1971 1122 1974 v

665 2026 700 2085 11.

246 2136 369 2217 Pauper
383 2139 535 2198 amicitiae
551 2158 619 2198 eum
634 2140 693 2216 sis,
714 2140 819 2220 Lupe,
839 2158 903 2199 non
918 2158 952 2199 es
967 2140 1097 2215 amicae,
1194 2147 1196 2156 '

287 2221 330 2280 Et
345 2223 486 2300 queritur
501 2220 541 2282 de
559 2228 590 2281 te
606 2222 743 2283 mentula
759 2223 825 2283 sola
838 2221 928 2283 nihil.

246 2294 300 2363 illa
315 2306 465 2384 siligineis
481 2306 657 2386 pinguescit
672 2306 813 2368 adultera
828 2308 953 2385 enanis,

289 2389 451 2449 Convivam
468 2392 568 2470 pascit
582 2392 670 2469 nigra
684 2391 785 2451 farina
796 2398 892 2453 tuum.

222 2472 455 2534 dlncensura
424 2493 510 2534 nives
523 2470 665 2535 dominaie
681 2476 976 2554 Setinnhqmntnr,
1072 2508 1077 2515 ·

288 2558 351 2617 Nos
370 2559 501 2618 bibimus
521 2559 613 2619 Corsi
627 2558 712 2639 pulla
724 2578 844 2620 venena
860 2558 937 2620 cadi.

245 2641 357 2722 Empta
369 2644 427 2702 tibi
441 2662 502 2701 nox
517 2648 566 2702 est
579 2642 684 2703 fundis
699 2664 761 2703 non
779 2648 845 2703 tota
859 2642 1017 2723 paternis,

287 2726 378 2787 Haud
393 2746 446 2787 sua
461 2725 605 2786 desertus
621 2747 695 2787 rura
708 2726 824 2787 sodalis
839 2732 915 2787 arat.

246 2808 398 2889 Splendet
410 2811 596 2890 Erythraeis
608 2810 772 2890 perlucida
787 2812 916 2871 moecha
929 2808 1069 2890 lapillis,

203 2902 239 2955 10
288 2894 418 2954 Ducitur
433 2894 592 2972 addictus,
614 2902 646 2955 te
660 2896 822 2972 intuente,
844 2893 952 2955 eliens

246 2979 324 3037 0eto
340 2978 427 3057 Syris
441 2978 566 3039 suffulta
578 2938 669 3040 datur
683 2979 796 3040 lectica
811 2977 953 3059 puellae,

286 3060 407 3122 Nudum
422 3062 598 3144 sandapilae
614 3062 734 3143 pondus
750 3064 863 3124 amicus
879 3064 949 3122 erit.

244 3144 560 3225 manumisero,
584 3146 720 3227 Cybele,
742 3146 889 3229 praecide
907 3143 1072 3206 ιίιιιιᾱοιι

288 3229 375 3292 Haec
391 3239 475 3311 erut,
497 3232 575 3293 haec
590 3230 701 3293 cultris
716 3229 854 3292 mentula
869 3230 962 3309 digna
975 3231 1048 3290 tuis.

663 3368 712 3429 Ill.

246 3477 399 3553 Quantum
413 3479 473 3540 iam
489 3480 628 3561 superis,
650 3482 781 3558 Caesar,
804 3479 953 3558 caeloque
969 3476 1088 3540 dedisti

288 3561 322 3623 Si
336 3568 461 3643 repetas
476 3569 509 3624 et
523 3567 550 3624 si
565 3563 703 3625 creditor
721 3582 791 3625 esse
806 3561 900 3642 velis,
991 3598 994 3603 -

247 1131 326 1191 Dum
340 1132 429 1192 lanus
443 1132 578 1210 hiemes,
601 1021 794 1193 Domltianus
809 1141 1007 1211 anetumnos,

1194 1825 1196 1873 l

1194 1883 1196 1962 l

1194 1979 1196 2100 l
