2442 4209
268 340 613 422 nesonsmumaon
627 355 702 419 uin.
720 357 757 418 x.

96 516 229 595 Quisquis
245 515 308 576 eris
323 514 423 574 nostri
437 518 509 593 post
523 529 572 571 me
589 520 736 588 regnator
751 505 863 588 agelli,

129 601 270 661 Manibus
285 599 402 677 exiguis
418 616 516 657 annua
530 597 610 655 iusta
625 593 705 654 dato.

79 684 144 747 tSic
157 682 224 743 lsre
238 690 411 765 perpetuo,
433 682 478 741 sic
492 682 583 741 turba
597 679 714 759 sospite
730 676 812 737 solus

130 766 255 830 Flebilis
270 768 303 827 lu
318 773 403 827 terra
419 767 459 825 sit
474 764 553 844 lapis
569 764 631 823 iste
646 772 706 822 tua.

414 874 416 881 ⁴
482 878 571 939 Lllll.

96 979 341 1059 ludimagister,
363 996 456 1058 parce
474 974 605 1057 simplici
619 977 739 1037 turbae.

97 1065 142 1125 Sic
156 1070 188 1125 te
200 1066 384 1144 frequentes
401 1060 526 1122 audiant
540 1057 676 1139 capillati

96 1150 132 1208 bt
145 1148 292 1209 delicatae
308 1145 417 1225 diligat
432 1147 544 1206 chorus
560 1162 702 1222 mensae,

97 1234 153 1293 Nec
167 1232 351 1310 calculator,
373 1248 432 1290 uec
447 1229 585 1291 notarius
599 1227 690 1287 velox

81 1318 208 1378 bllaiore
225 1316 384 1396 quisquam
400 1313 515 1374 circulo
530 1319 705 1373 coronetur.

98 1400 185 1461 dinae
197 1400 292 1461 leone
308 1401 448 1460 llammco
467 1398 569 1458 calent
582 1396 671 1456 luces

98 1486 276 1564 Tostamque
290 1484 415 1544 fervens
429 1480 524 1542 lulius
542 1484 649 1561 coquit
663 1498 803 1541 messem.

99 1570 210 1630 Cirrata
221 1568 301 1629 loris
316 1567 453 1627 horridis
468 1567 602 1645 Scythae
617 1564 728 1645 pellis,

100 1654 157 1730 Qua
168 1650 321 1734 vapulavit
335 1652 475 1731 Marsyas
490 1649 699 1726 Celaenaeos,

68 1736 282 1817 loderulaeque
298 1737 422 1813 tristes,
446 1742 569 1815 sceptra
584 1734 848 1813 paedagogorum,

100 1822 221 1883 Cessent
236 1828 269 1881 et
283 1819 354 1880 ldus
369 1818 523 1880 dormiant
536 1821 568 1878 in
584 1818 753 1878 Octobres:

98 1907 215 1967 Aestate
229 1905 319 1986 pueri
335 1904 361 1963 si
375 1901 495 1980 valent,
517 1905 590 1962 satis
606 1902 737 1962 discunt.

474 2012 575 2074 Llllll.

100 2114 241 2174 blarmora
255 2133 350 2194 parva
365 2111 505 2192 quidem,
525 2112 658 2172 sednon
674 2129 814 2186 cessura,
834 2108 951 2184 viator,

135 2195 266 2258 Mausoli
283 2198 361 2257 suuis
379 2196 633 2276 pyramidumque
646 2194 735 2273 legis.
918 2204 921 2209 '

100 2281 145 2341 Bis
159 2301 225 2342 mea
238 2282 376 2343 Romano
392 2287 530 2360 spectata
546 2286 595 2340 est
610 2281 673 2340 vita
688 2278 843 2355 Tarento,

134 2367 172 2425 Et
185 2364 265 2425 nihil
282 2373 437 2425 extremos
451 2363 591 2445 perdidit
606 2370 678 2423 ante
693 2381 794 2441 rogos.

980 354 1044 419 ‘243

86 2450 236 2528 bQuiuque
253 2448 341 2509 dedit
355 2467 487 2528 pueros,
508 2446 639 2508 totidem
654 2448 730 2507 mihi
744 2446 818 2505 luno
836 2442 971 2525 puellas:
1020 2474 1030 2503 s

135 2532 299 2594 Cluserunt
314 2550 420 2593 omues
434 2530 550 2593 lumina
564 2539 670 2592 nostra
689 2549 805 2591 manus.

102 2617 229 2696 Contigit
243 2625 277 2677 et
291 2615 418 2676 thalami
433 2618 507 2676 mihi
523 2616 623 2696 gloria
636 2637 706 2675 rara
718 2616 840 2695 fuitque

132 2700 197 2761 Una
212 2700 381 2782 pudicitiae
398 2700 532 2762 mentula
548 2708 623 2761 uota
635 2718 732 2761 meae.

471 2813 577 2874 LXIV.

102 2909 267 2990 Contigeris
283 2908 390 2990 regina
406 2930 490 2971 meos
506 2912 531 2971 si
549 2909 640 2970 Polla
652 2906 795 2987 libellos,

135 2994 200 3056 Non
213 2997 328 3055 tetrlca
340 3002 464 3055 nostros
480 2996 588 3075 excipe
604 2995 709 3054 lroute
724 2994 817 3054 iocos.

101 3076 148 3137 llle
163 3084 232 3139 tuus
246 3086 348 3157 votes,
371 3077 532 3139 lleliconis
549 3078 648 3157 gloria
661 3079 777 3156 nostri,

134 3162 234 3223 Pieria
251 3168 378 3223 caneret
393 3183 460 3223 cum
474 3163 542 3223 fera
556 3161 640 3222 bolla
652 3163 744 3238 tuba,

86 3244 162 3305 bNon
175 3254 278 3307 tamen
292 3249 416 3307 erubuit
428 3246 543 3307 lascivo
560 3245 667 3307 dicere
679 3264 772 3306 veron
889 3300 892 3306 .

23 3342 24 3347 ’
137 3330 187 3407 „Si
201 3349 260 3389 nec
273 3330 436 3412 paedicor,
459 3330 567 3409 cotta,
589 3330 665 3410 quid
677 3330 729 3389 hic
743 3326 870 3389 laciod‘

472 3441 566 3504 LXV.

105 3538 169 3600 llum
182 3547 214 3601 te
228 3542 412 3621 municipem
427 3540 658 3602 Corinthiorum

67 3628 72 3643 ⁵
104 3621 206 3704 lactes,
226 3625 451 3705 Charmenion,
472 3630 606 3703 negante
621 3621 724 3702 nullos
783 3702 846 3767 16*
