<?xml version="1.0" encoding="UTF-8"?>
<!DOCTYPE html PUBLIC "-//W3C//DTD XHTML 1.0 Transitional//EN"
    "http://www.w3.org/TR/xhtml1/DTD/xhtml1-transitional.dtd">
<html xmlns="http://www.w3.org/1999/xhtml" xml:lang="en" lang="en">
 <head>
  <title>
</title>
<meta http-equiv="Content-Type" content="text/html;charset=utf-8" />
  <meta name='ocr-system' content='tesseract 3.04.00' />
  <meta name='ocr-capabilities' content='ocr_page ocr_carea ocr_par ocr_line ocrx_word'/>
</head>
<body>
  <div class='ocr_page' id='page_1' title='image "./mvalmartialisep02martgoog_0283.png"; bbox 0 0 2442 4209; ppageno 0'>
   <div class='ocr_carea' id='block_1_1' title="bbox 301 328 1085 429">
    <p class='ocr_par' dir='ltr' id='par_1_1' title="bbox 301 328 1085 429">
     <span class='ocr_line' id='line_1_1' title="bbox 301 328 1085 429; baseline 0.013 -31"><span class='ocrx_word' id='word_1_1' title='bbox 301 328 644 400; x_wconf 73' lang='lat' dir='ltr'><strong>nl’mhAMMa&#39;ToN</strong></span> <span class='ocrx_word' id='word_1_2' title='bbox 657 339 732 403; x_wconf 86' lang='lat' dir='ltr'><strong>Llll.</strong></span> <span class='ocrx_word' id='word_1_3' title='bbox 749 340 801 402; x_wconf 86' lang='lat' dir='ltr'><strong>Xl.</strong></span> <span class='ocrx_word' id='word_1_4' title='bbox 1014 343 1085 429; x_wconf 33' lang='lat'><strong>263·</strong></span> 
     </span>
    </p>
   </div>
   <div class='ocr_carea' id='block_1_2' title="bbox 87 490 909 830">
    <p class='ocr_par' dir='ltr' id='par_1_2' title="bbox 107 490 859 642">
     <span class='ocr_line' id='line_1_2' title="bbox 107 490 859 574; baseline 0.003 -21"><span class='ocrx_word' id='word_1_5' title='bbox 107 493 199 553; x_wconf 80' lang='lat' dir='ltr'><strong>Basia</strong></span> <span class='ocrx_word' id='word_1_6' title='bbox 214 492 255 554; x_wconf 91' lang='lat' dir='ltr'><strong>da</strong></span> <span class='ocrx_word' id='word_1_7' title='bbox 270 494 359 555; x_wconf 83' lang='lat' dir='ltr'><strong>nohis</strong></span> <span class='ocrx_word' id='word_1_8' title='bbox 372 490 492 572; x_wconf 84' lang='lat' dir='ltr'><strong>vetulo,</strong></span> <span class='ocrx_word' id='word_1_9' title='bbox 512 510 608 574; x_wconf 87' lang='lat' dir='ltr'><strong>puer,</strong></span> <span class='ocrx_word' id='word_1_10' title='bbox 630 492 691 554; x_wconf 87' lang='lat' dir='ltr'><strong>uda</strong></span> <span class='ocrx_word' id='word_1_11' title='bbox 703 491 859 569; x_wconf 80' lang='lat' dir='ltr'><strong>Falerno,</strong></span> 
     </span>
     <span class='ocr_line' id='line_1_3' title="bbox 149 576 750 642; baseline -0.005 -3"><span class='ocrx_word' id='word_1_12' title='bbox 149 576 273 639; x_wconf 87' lang='lat' dir='ltr'><strong>Pocula</strong></span> <span class='ocrx_word' id='word_1_13' title='bbox 286 576 325 638; x_wconf 87' lang='lat' dir='ltr'><strong>da</strong></span> <span class='ocrx_word' id='word_1_14' title='bbox 337 577 434 639; x_wconf 80' lang='lat' dir='ltr'><strong>labris</strong></span> <span class='ocrx_word' id='word_1_15' title='bbox 448 578 531 638; x_wconf 86' lang='lat' dir='ltr'><strong>iacta</strong></span> <span class='ocrx_word' id='word_1_16' title='bbox 544 578 664 639; x_wconf 90' lang='lat' dir='ltr'><strong>minora</strong></span> <span class='ocrx_word' id='word_1_17' title='bbox 679 580 750 642; x_wconf 89' lang='lat' dir='ltr'><strong>tuis.</strong></span> 
     </span>
    </p>

    <p class='ocr_par' dir='ltr' id='par_1_3' title="bbox 87 660 909 830">
     <span class='ocr_line' id='line_1_4' title="bbox 87 660 909 744; baseline 0.001 -20"><span class='ocrx_word' id='word_1_18' title='bbox 87 660 284 724; x_wconf 81' lang='lat' dir='ltr'><strong>5dddiderls</strong></span> <span class='ocrx_word' id='word_1_19' title='bbox 299 662 485 744; x_wconf 83' lang='lat' dir='ltr'><strong>superhaec</strong></span> <span class='ocrx_word' id='word_1_20' title='bbox 502 662 638 726; x_wconf 85' lang='lat' dir='ltr'><strong>Veneris</strong></span> <span class='ocrx_word' id='word_1_21' title='bbox 652 664 679 725; x_wconf 91' lang='lat' dir='ltr'><strong>si</strong></span> <span class='ocrx_word' id='word_1_22' title='bbox 694 663 803 743; x_wconf 81' lang='lat' dir='ltr'><strong>gandia</strong></span> <span class='ocrx_word' id='word_1_23' title='bbox 818 682 909 743; x_wconf 82' lang='lat' dir='ltr'><strong>vera,</strong></span> 
     </span>
     <span class='ocr_line' id='line_1_5' title="bbox 148 746 850 830; baseline 0.004 -23"><span class='ocrx_word' id='word_1_24' title='bbox 148 748 232 808; x_wconf 81' lang='lat' dir='ltr'><strong>iisse</strong></span> <span class='ocrx_word' id='word_1_25' title='bbox 246 765 358 827; x_wconf 81' lang='lat' dir='ltr'><strong>negem</strong></span> <span class='ocrx_word' id='word_1_26' title='bbox 373 746 483 809; x_wconf 86' lang='lat' dir='ltr'><strong>melias</strong></span> <span class='ocrx_word' id='word_1_27' title='bbox 498 766 566 808; x_wconf 87' lang='lat' dir='ltr'><strong>oum</strong></span> <span class='ocrx_word' id='word_1_28' title='bbox 581 747 762 830; x_wconf 77' lang='lat' dir='ltr'><strong>Ganymede</strong></span> <span class='ocrx_word' id='word_1_29' title='bbox 778 748 850 810; x_wconf 89' lang='lat' dir='ltr'><strong>lovi.</strong></span> 
     </span>
    </p>
   </div>
   <div class='ocr_carea' id='block_1_3' title="bbox 492 882 730 950">
    <p class='ocr_par' dir='ltr' id='par_1_4' title="bbox 492 882 730 950">
     <span class='ocr_line' id='line_1_6' title="bbox 492 882 730 950; baseline 0.029 -7"><span class='ocrx_word' id='word_1_30' title='bbox 492 882 615 946; x_wconf 86' lang='lat' dir='ltr'><strong>XXVll.</strong></span> <span class='ocrx_word' id='word_1_31' title='bbox 725 945 730 950; x_wconf 86' lang='lat'><strong>.</strong></span> 
     </span>
    </p>
   </div>
   <div class='ocr_carea' id='block_1_4' title="bbox 70 1000 1062 2187">
    <p class='ocr_par' dir='ltr' id='par_1_5' title="bbox 104 1000 1062 1253">
     <span class='ocr_line' id='line_1_7' title="bbox 104 1000 1062 1085; baseline 0.004 -22"><span class='ocrx_word' id='word_1_32' title='bbox 104 1004 247 1065; x_wconf 77' lang='lat' dir='ltr'>Ferreus</span> <span class='ocrx_word' id='word_1_33' title='bbox 264 1022 314 1082; x_wconf 89' lang='lat' dir='ltr'><strong>es,</strong></span> <span class='ocrx_word' id='word_1_34' title='bbox 336 1004 363 1063; x_wconf 90' lang='lat' dir='ltr'><strong>si</strong></span> <span class='ocrx_word' id='word_1_35' title='bbox 377 1009 460 1063; x_wconf 85' lang='lat' dir='ltr'><strong>stare</strong></span> <span class='ocrx_word' id='word_1_36' title='bbox 474 1009 580 1083; x_wconf 95' lang='lat' dir='ltr'><strong>potest</strong></span> <span class='ocrx_word' id='word_1_37' title='bbox 594 1002 652 1063; x_wconf 88' lang='lat' dir='ltr'><strong>tihi</strong></span> <span class='ocrx_word' id='word_1_38' title='bbox 667 1000 819 1082; x_wconf 86' lang='lat' dir='ltr'><strong>mentula,</strong></span> <span class='ocrx_word' id='word_1_39' title='bbox 841 1002 970 1085; x_wconf 81' lang='lat' dir='ltr'><strong>Fiacce,</strong></span> <span class='ocrx_word' id='word_1_40' title='bbox 1059 1050 1062 1053; x_wconf 60' lang='grc'><strong>«</strong></span> 
     </span>
     <span class='ocr_line' id='line_1_8' title="bbox 150 1088 895 1170; baseline -0.003 -20"><span class='ocrx_word' id='word_1_41' title='bbox 150 1090 282 1151; x_wconf 75' lang='lat' dir='ltr'><strong>(inmte</strong></span> <span class='ocrx_word' id='word_1_42' title='bbox 298 1106 353 1148; x_wconf 82' lang='lat' dir='ltr'><strong>sex</strong></span> <span class='ocrx_word' id='word_1_43' title='bbox 368 1088 496 1170; x_wconf 87' lang='lat' dir='ltr'><strong>cyathos</strong></span> <span class='ocrx_word' id='word_1_44' title='bbox 511 1092 580 1148; x_wconf 85' lang='lat' dir='ltr'><strong>orat</strong></span> <span class='ocrx_word' id='word_1_45' title='bbox 595 1088 692 1148; x_wconf 82' lang='lat' dir='ltr'><strong>amica</strong></span> <span class='ocrx_word' id='word_1_46' title='bbox 706 1091 790 1167; x_wconf 85' lang='lat' dir='ltr'><strong>gari,</strong></span> <span class='ocrx_word' id='word_1_47' title='bbox 890 1089 895 1095; x_wconf 83' lang='grc'><em>“</em></span> 
     </span>
     <span class='ocr_line' id='line_1_9' title="bbox 106 1170 928 1253; baseline 0 -19"><span class='ocrx_word' id='word_1_48' title='bbox 106 1170 168 1234; x_wconf 89' lang='lat' dir='ltr'><strong>Vel</strong></span> <span class='ocrx_word' id='word_1_49' title='bbox 185 1172 250 1234; x_wconf 94' lang='lat' dir='ltr'><strong>duo</strong></span> <span class='ocrx_word' id='word_1_50' title='bbox 266 1172 367 1234; x_wconf 85' lang='lat' dir='ltr'><strong>frusta</strong></span> <span class='ocrx_word' id='word_1_51' title='bbox 381 1177 470 1251; x_wconf 82' lang='lat' dir='ltr'><strong>rogat</strong></span> <span class='ocrx_word' id='word_1_52' title='bbox 484 1173 566 1253; x_wconf 81' lang='lat' dir='ltr'><strong>cybii</strong></span> <span class='ocrx_word' id='word_1_53' title='bbox 580 1177 746 1233; x_wconf 81' lang='lat' dir='ltr'>tenuemve</span> <span class='ocrx_word' id='word_1_54' title='bbox 760 1171 928 1252; x_wconf 85' lang='lat' dir='ltr'><strong>lacertum,</strong></span> 
     </span>
    </p>

    <p class='ocr_par' dir='ltr' id='par_1_6' title="bbox 70 1255 953 2187">
     <span class='ocr_line' id='line_1_10' title="bbox 146 1255 773 1339; baseline -0.003 -21"><span class='ocrx_word' id='word_1_55' title='bbox 146 1258 216 1319; x_wconf 86' lang='lat' dir='ltr'><strong>Nec</strong></span> <span class='ocrx_word' id='word_1_56' title='bbox 233 1255 356 1337; x_wconf 82' lang='lat' dir='ltr'><strong>dignam</strong></span> <span class='ocrx_word' id='word_1_57' title='bbox 370 1263 436 1318; x_wconf 91' lang='lat' dir='ltr'><strong>toto</strong></span> <span class='ocrx_word' id='word_1_58' title='bbox 451 1274 485 1317; x_wconf 89' lang='lat' dir='ltr'><strong>se</strong></span> <span class='ocrx_word' id='word_1_59' title='bbox 499 1258 654 1337; x_wconf 80' lang='lat' dir='ltr'><strong>botryone</strong></span> <span class='ocrx_word' id='word_1_60' title='bbox 668 1263 773 1339; x_wconf 88' lang='lat' dir='ltr'><strong>patat;</strong></span> 
     </span>
     <span class='ocr_line' id='line_1_11' title="bbox 87 1340 857 1425; baseline -0.001 -22"><span class='ocrx_word' id='word_1_61' title='bbox 87 1342 167 1404; x_wconf 75' lang='lat' dir='ltr'><strong>acui</strong></span> <span class='ocrx_word' id='word_1_62' title='bbox 181 1348 293 1424; x_wconf 87' lang='lat' dir='ltr'><strong>portat</strong></span> <span class='ocrx_word' id='word_1_63' title='bbox 306 1340 443 1422; x_wconf 78' lang='lat' dir='ltr'><strong>gaudens</strong></span> <span class='ocrx_word' id='word_1_64' title='bbox 458 1340 569 1402; x_wconf 89' lang='lat' dir='ltr'><strong>ancilla</strong></span> <span class='ocrx_word' id='word_1_65' title='bbox 583 1341 749 1425; x_wconf 83' lang='lat' dir='ltr'><strong>parapside</strong></span> <span class='ocrx_word' id='word_1_66' title='bbox 764 1344 857 1403; x_wconf 87' lang='lat' dir='ltr'><strong>rubra</strong></span> 
     </span>
     <span class='ocr_line' id='line_1_12' title="bbox 146 1424 863 1507; baseline 0 -20"><span class='ocrx_word' id='word_1_67' title='bbox 146 1426 332 1506; x_wconf 84' lang='lat' dir='ltr'><strong>Hallecem,</strong></span> <span class='ocrx_word' id='word_1_68' title='bbox 355 1424 411 1488; x_wconf 89' lang='lat' dir='ltr'><strong>sed</strong></span> <span class='ocrx_word' id='word_1_69' title='bbox 429 1446 517 1507; x_wconf 83' lang='lat' dir='ltr'><strong>quam</strong></span> <span class='ocrx_word' id='word_1_70' title='bbox 531 1428 674 1506; x_wconf 92' lang='lat' dir='ltr'><strong>protinus</strong></span> <span class='ocrx_word' id='word_1_71' title='bbox 689 1424 743 1487; x_wconf 91' lang='lat' dir='ltr'><strong>llla</strong></span> <span class='ocrx_word' id='word_1_72' title='bbox 758 1434 863 1502; x_wconf 86' lang='lat' dir='ltr'><strong>voret;</strong></span> 
     </span>
     <span class='ocr_line' id='line_1_13' title="bbox 105 1510 953 1593; baseline 0.002 -22"><span class='ocrx_word' id='word_1_73' title='bbox 105 1512 168 1572; x_wconf 83' lang='lat' dir='ltr'><strong>Aut</strong></span> <span class='ocrx_word' id='word_1_74' title='bbox 184 1531 258 1572; x_wconf 90' lang='lat' dir='ltr'><strong>cum</strong></span> <span class='ocrx_word' id='word_1_75' title='bbox 274 1511 441 1593; x_wconf 82' lang='lat' dir='ltr'><strong>perfricuit</strong></span> <span class='ocrx_word' id='word_1_76' title='bbox 453 1510 589 1572; x_wconf 87' lang='lat' dir='ltr'><strong>irontem</strong></span> <span class='ocrx_word' id='word_1_77' title='bbox 606 1512 770 1593; x_wconf 79' lang='lat' dir='ltr'><strong>posuitque</strong></span> <span class='ocrx_word' id='word_1_78' title='bbox 784 1510 953 1591; x_wconf 88' lang='lat' dir='ltr'><strong>pudorem,</strong></span> 
     </span>
     <span class='ocr_line' id='line_1_14' title="bbox 147 1593 802 1677; baseline 0 -20"><span class='ocrx_word' id='word_1_79' title='bbox 147 1595 268 1657; x_wconf 86' lang='lat' dir='ltr'><strong>Sucida</strong></span> <span class='ocrx_word' id='word_1_80' title='bbox 282 1593 410 1677; x_wconf 88' lang='lat' dir='ltr'><strong>palliolo</strong></span> <span class='ocrx_word' id='word_1_81' title='bbox 426 1593 546 1656; x_wconf 83' lang='lat' dir='ltr'><strong>vellera</strong></span> <span class='ocrx_word' id='word_1_82' title='bbox 562 1597 699 1676; x_wconf 88' lang='lat' dir='ltr'><strong>quinque</strong></span> <span class='ocrx_word' id='word_1_83' title='bbox 712 1598 802 1676; x_wconf 89' lang='lat' dir='ltr'><strong>petit.</strong></span> 
     </span>
     <span class='ocr_line' id='line_1_15' title="bbox 104 1678 791 1763; baseline 0.001 -24"><span class='ocrx_word' id='word_1_84' title='bbox 104 1680 147 1740; x_wconf 81' lang='lat' dir='ltr'><strong>At</strong></span> <span class='ocrx_word' id='word_1_85' title='bbox 161 1699 237 1742; x_wconf 90' lang='lat' dir='ltr'><strong>mea</strong></span> <span class='ocrx_word' id='word_1_86' title='bbox 250 1700 299 1741; x_wconf 89' lang='lat' dir='ltr'><strong>me</strong></span> <span class='ocrx_word' id='word_1_87' title='bbox 314 1679 426 1763; x_wconf 71' lang='lat' dir='ltr'><strong>libram</strong></span> <span class='ocrx_word' id='word_1_88' title='bbox 439 1678 541 1741; x_wconf 86' lang='lat' dir='ltr'><strong>foliati</strong></span> <span class='ocrx_word' id='word_1_89' title='bbox 554 1688 665 1761; x_wconf 82' lang='lat' dir='ltr'><strong>poscat</strong></span> <span class='ocrx_word' id='word_1_90' title='bbox 679 1682 791 1759; x_wconf 84' lang='lat' dir='ltr'><strong>amica,</strong></span> 
     </span>
     <span class='ocr_line' id='line_1_16' title="bbox 70 1764 880 1847; baseline 0 -22"><span class='ocrx_word' id='word_1_91' title='bbox 70 1774 100 1828; x_wconf 84' lang='lat' dir='ltr'><strong>lo</strong></span> <span class='ocrx_word' id='word_1_92' title='bbox 145 1766 214 1827; x_wconf 84' lang='lat' dir='ltr'><strong>Ant</strong></span> <span class='ocrx_word' id='word_1_93' title='bbox 228 1765 346 1827; x_wconf 87' lang='lat' dir='ltr'><strong>virides</strong></span> <span class='ocrx_word' id='word_1_94' title='bbox 360 1784 493 1846; x_wconf 77' lang='lat' dir='ltr'><strong>gemmas</strong></span> <span class='ocrx_word' id='word_1_95' title='bbox 507 1764 756 1845; x_wconf 76' lang='lat' dir='ltr'><strong>sardonychasve</strong></span> <span class='ocrx_word' id='word_1_96' title='bbox 772 1784 880 1847; x_wconf 86' lang='lat' dir='ltr'><strong>pares,</strong></span> 
     </span>
     <span class='ocr_line' id='line_1_17' title="bbox 105 1848 853 1931; baseline 0.001 -21"><span class='ocrx_word' id='word_1_97' title='bbox 105 1849 171 1911; x_wconf 91' lang='lat' dir='ltr'><strong>Nec</strong></span> <span class='ocrx_word' id='word_1_98' title='bbox 188 1852 253 1911; x_wconf 92' lang='lat' dir='ltr'><strong>nisi</strong></span> <span class='ocrx_word' id='word_1_99' title='bbox 268 1852 368 1931; x_wconf 87' lang='lat' dir='ltr'><strong>prima</strong></span> <span class='ocrx_word' id='word_1_100' title='bbox 380 1849 459 1911; x_wconf 87' lang='lat' dir='ltr'><strong>velit</strong></span> <span class='ocrx_word' id='word_1_101' title='bbox 472 1848 512 1909; x_wconf 90' lang='lat' dir='ltr'><strong>de</strong></span> <span class='ocrx_word' id='word_1_102' title='bbox 528 1848 631 1911; x_wconf 81' lang='lat' dir='ltr'><strong>Tusco</strong></span> <span class='ocrx_word' id='word_1_103' title='bbox 648 1850 756 1911; x_wconf 83' lang='lat' dir='ltr'><strong>Serica</strong></span> <span class='ocrx_word' id='word_1_104' title='bbox 770 1852 853 1929; x_wconf 85' lang='lat' dir='ltr'><strong>vico,</strong></span> 
     </span>
     <span class='ocr_line' id='line_1_18' title="bbox 146 1933 868 2015; baseline -0.006 -18"><span class='ocrx_word' id='word_1_105' title='bbox 146 1936 215 1997; x_wconf 85' lang='lat' dir='ltr'><strong>Ant</strong></span> <span class='ocrx_word' id='word_1_106' title='bbox 230 1942 353 1996; x_wconf 87' lang='lat' dir='ltr'><strong>centurn</strong></span> <span class='ocrx_word' id='word_1_107' title='bbox 366 1933 509 1996; x_wconf 86' lang='lat' dir='ltr'><strong>aureolos</strong></span> <span class='ocrx_word' id='word_1_108' title='bbox 523 1936 568 1995; x_wconf 87' lang='lat' dir='ltr'><strong>sic</strong></span> <span class='ocrx_word' id='word_1_109' title='bbox 583 1933 669 1996; x_wconf 89' lang='lat' dir='ltr'><strong>velut</strong></span> <span class='ocrx_word' id='word_1_110' title='bbox 684 1954 757 1997; x_wconf 83' lang='lat' dir='ltr'><strong>aera</strong></span> <span class='ocrx_word' id='word_1_111' title='bbox 770 1942 868 2015; x_wconf 82' lang='lat' dir='ltr'><strong>roget.</strong></span> 
     </span>
     <span class='ocr_line' id='line_1_19' title="bbox 105 2018 897 2102; baseline 0 -23"><span class='ocrx_word' id='word_1_112' title='bbox 105 2019 195 2081; x_wconf 91' lang='lat' dir='ltr'><strong>Nunc</strong></span> <span class='ocrx_word' id='word_1_113' title='bbox 211 2027 247 2079; x_wconf 89' lang='lat' dir='ltr'><strong>tu</strong></span> <span class='ocrx_word' id='word_1_114' title='bbox 262 2019 343 2081; x_wconf 84' lang='lat' dir='ltr'><strong>velle</strong></span> <span class='ocrx_word' id='word_1_115' title='bbox 357 2028 446 2102; x_wconf 82' lang='lat' dir='ltr'><strong>putas</strong></span> <span class='ocrx_word' id='word_1_116' title='bbox 460 2021 537 2081; x_wconf 83' lang='lat' dir='ltr'><strong>haec</strong></span> <span class='ocrx_word' id='word_1_117' title='bbox 551 2038 600 2080; x_wconf 91' lang='lat' dir='ltr'><strong>me</strong></span> <span class='ocrx_word' id='word_1_118' title='bbox 617 2019 734 2081; x_wconf 88' lang='lat' dir='ltr'><strong>donare</strong></span> <span class='ocrx_word' id='word_1_119' title='bbox 749 2018 897 2102; x_wconf 70' lang='lat' dir='ltr'><strong>puellae?</strong></span> 
     </span>
     <span class='ocr_line' id='line_1_20' title="bbox 145 2103 835 2187; baseline 0.001 -22"><span class='ocrx_word' id='word_1_120' title='bbox 145 2104 249 2184; x_wconf 89' lang='lat' dir='ltr'><strong>Nolo,</strong></span> <span class='ocrx_word' id='word_1_121' title='bbox 272 2104 329 2167; x_wconf 91' lang='lat' dir='ltr'><strong>sed</strong></span> <span class='ocrx_word' id='word_1_122' title='bbox 342 2106 391 2167; x_wconf 82' lang='lat' dir='ltr'><strong>his</strong></span> <span class='ocrx_word' id='word_1_123' title='bbox 405 2110 440 2165; x_wconf 93' lang='lat' dir='ltr'><strong>ut</strong></span> <span class='ocrx_word' id='word_1_124' title='bbox 455 2105 496 2166; x_wconf 94' lang='lat' dir='ltr'><strong>sit</strong></span> <span class='ocrx_word' id='word_1_125' title='bbox 511 2103 602 2184; x_wconf 79' lang='lat' dir='ltr'><strong>digna</strong></span> <span class='ocrx_word' id='word_1_126' title='bbox 616 2104 736 2187; x_wconf 89' lang='lat' dir='ltr'><strong>puella,</strong></span> <span class='ocrx_word' id='word_1_127' title='bbox 757 2103 835 2166; x_wconf 83' lang='lat' dir='ltr'><strong>volo.</strong></span> 
     </span>
    </p>
   </div>
   <div class='ocr_carea' id='block_1_5' title="bbox 480 2239 616 2303">
    <p class='ocr_par' dir='ltr' id='par_1_7' title="bbox 480 2239 616 2303">
     <span class='ocr_line' id='line_1_21' title="bbox 480 2239 616 2303; baseline 0.007 -3"><span class='ocrx_word' id='word_1_128' title='bbox 480 2239 616 2303; x_wconf 88' lang='lat' dir='ltr'><strong>XXVlll.</strong></span> 
     </span>
    </p>
   </div>
   <div class='ocr_carea' id='block_1_6' title="bbox 107 2351 892 2521">
    <p class='ocr_par' dir='ltr' id='par_1_8' title="bbox 107 2351 892 2521">
     <span class='ocr_line' id='line_1_22' title="bbox 107 2351 831 2434; baseline 0 -21"><span class='ocrx_word' id='word_1_129' title='bbox 107 2352 227 2415; x_wconf 81' lang='lat' dir='ltr'><strong>invasit</strong></span> <span class='ocrx_word' id='word_1_130' title='bbox 240 2351 353 2413; x_wconf 87' lang='lat' dir='ltr'><strong>medici</strong></span> <span class='ocrx_word' id='word_1_131' title='bbox 369 2351 478 2413; x_wconf 79' lang='lat' dir='ltr'><strong>Nasica</strong></span> <span class='ocrx_word' id='word_1_132' title='bbox 492 2354 695 2434; x_wconf 83' lang='lat' dir='ltr'><strong>phreneticus</strong></span> <span class='ocrx_word' id='word_1_133' title='bbox 709 2352 802 2415; x_wconf 76' lang='lat' dir='ltr'><strong>Eucti</strong></span> <span class='ocrx_word' id='word_1_134' title='bbox 828 2369 831 2374; x_wconf 84' lang='lat'>·</span> 
     </span>
     <span class='ocr_line' id='line_1_23' title="bbox 145 2435 892 2521; baseline 0.004 -24"><span class='ocrx_word' id='word_1_135' title='bbox 145 2438 188 2499; x_wconf 77' lang='lat' dir='ltr'><strong>lit</strong></span> <span class='ocrx_word' id='word_1_136' title='bbox 205 2435 470 2519; x_wconf 75' lang='lat' dir='ltr'><strong>perciditllylan.</strong></span> <span class='ocrx_word' id='word_1_137' title='bbox 499 2438 575 2517; x_wconf 87' lang='lat' dir='ltr'><strong>liic,</strong></span> <span class='ocrx_word' id='word_1_138' title='bbox 596 2445 688 2521; x_wconf 90' lang='lat' dir='ltr'><strong>puto,</strong></span> <span class='ocrx_word' id='word_1_139' title='bbox 708 2457 800 2499; x_wconf 89' lang='lat' dir='ltr'><strong>sanus</strong></span> <span class='ocrx_word' id='word_1_140' title='bbox 814 2444 892 2500; x_wconf 85' lang='lat' dir='ltr'><strong>erat.</strong></span> 
     </span>
    </p>
   </div>
   <div class='ocr_carea' id='block_1_7' title="bbox 495 2572 604 2635">
    <p class='ocr_par' dir='ltr' id='par_1_9' title="bbox 495 2572 604 2635">
     <span class='ocr_line' id='line_1_24' title="bbox 495 2572 604 2635; baseline 0.009 -1"><span class='ocrx_word' id='word_1_141' title='bbox 495 2572 604 2635; x_wconf 81' lang='lat' dir='ltr'><strong>xxix.</strong></span> 
     </span>
    </p>
   </div>
   <div class='ocr_carea' id='block_1_8' title="bbox 12 2684 961 3194">
    <p class='ocr_par' dir='ltr' id='par_1_10' title="bbox 12 2684 961 3194">
     <span class='ocr_line' id='line_1_25' title="bbox 102 2684 856 2767; baseline 0.007 -22"><span class='ocrx_word' id='word_1_142' title='bbox 102 2684 268 2767; x_wconf 79' lang='lat' dir='ltr'><strong>Languida</strong></span> <span class='ocrx_word' id='word_1_143' title='bbox 281 2706 350 2749; x_wconf 89' lang='lat' dir='ltr'><strong>cum</strong></span> <span class='ocrx_word' id='word_1_144' title='bbox 363 2685 467 2749; x_wconf 81' lang='lat' dir='ltr'><strong>vetula</strong></span> <span class='ocrx_word' id='word_1_145' title='bbox 481 2694 617 2750; x_wconf 86' lang='lat' dir='ltr'><strong>tractare</strong></span> <span class='ocrx_word' id='word_1_146' title='bbox 630 2688 732 2750; x_wconf 83' lang='lat' dir='ltr'><strong>virilia</strong></span> <span class='ocrx_word' id='word_1_147' title='bbox 746 2689 856 2751; x_wconf 78' lang='lat' dir='ltr'><strong>dextra</strong></span> 
     </span>
     <span class='ocr_line' id='line_1_26' title="bbox 145 2771 828 2855; baseline 0 -22"><span class='ocrx_word' id='word_1_148' title='bbox 145 2771 308 2853; x_wconf 76' lang='lat' dir='ltr'><strong>Coepisti,</strong></span> <span class='ocrx_word' id='word_1_149' title='bbox 330 2771 454 2852; x_wconf 79' lang='lat' dir='ltr'><strong>iugulor</strong></span> <span class='ocrx_word' id='word_1_150' title='bbox 468 2771 602 2854; x_wconf 85' lang='lat' dir='ltr'><strong>pollice,</strong></span> <span class='ocrx_word' id='word_1_151' title='bbox 623 2773 744 2855; x_wconf 83' lang='lat' dir='ltr'><strong>Phylli,</strong></span> <span class='ocrx_word' id='word_1_152' title='bbox 765 2783 828 2835; x_wconf 92' lang='lat' dir='ltr'><strong>tuo.</strong></span> 
     </span>
     <span class='ocr_line' id='line_1_27' title="bbox 13 2853 946 2937; baseline 0.004 -23"><span class='ocrx_word' id='word_1_153' title='bbox 13 2904 14 2907; x_wconf 63' lang='lat'><strong>,</strong></span> <span class='ocrx_word' id='word_1_154' title='bbox 102 2853 181 2917; x_wconf 88' lang='lat' dir='ltr'><strong>Nam</strong></span> <span class='ocrx_word' id='word_1_155' title='bbox 196 2876 268 2919; x_wconf 89' lang='lat' dir='ltr'><strong>cnm</strong></span> <span class='ocrx_word' id='word_1_156' title='bbox 282 2875 331 2918; x_wconf 87' lang='lat' dir='ltr'><strong>me</strong></span> <span class='ocrx_word' id='word_1_157' title='bbox 346 2877 481 2937; x_wconf 88' lang='lat' dir='ltr'><strong>murem,</strong></span> <span class='ocrx_word' id='word_1_158' title='bbox 505 2879 572 2920; x_wconf 88' lang='lat' dir='ltr'><strong>cum</strong></span> <span class='ocrx_word' id='word_1_159' title='bbox 587 2878 637 2920; x_wconf 88' lang='lat' dir='ltr'><strong>me</strong></span> <span class='ocrx_word' id='word_1_160' title='bbox 652 2867 705 2921; x_wconf 90' lang='lat' dir='ltr'><strong>tna</strong></span> <span class='ocrx_word' id='word_1_161' title='bbox 719 2858 836 2920; x_wconf 87' lang='lat' dir='ltr'><strong>lumina</strong></span> <span class='ocrx_word' id='word_1_162' title='bbox 851 2856 946 2936; x_wconf 87' lang='lat' dir='ltr'><strong>dicis,</strong></span> 
     </span>
     <span class='ocr_line' id='line_1_28' title="bbox 12 2942 812 3025; baseline 0.005 -22"><span class='ocrx_word' id='word_1_163' title='bbox 12 2990 13 3013; x_wconf 61' lang='lat'><strong>,</strong></span> <span class='ocrx_word' id='word_1_164' title='bbox 146 2942 250 3003; x_wconf 85' lang='lat' dir='ltr'><strong>Horis</strong></span> <span class='ocrx_word' id='word_1_165' title='bbox 264 2960 315 3004; x_wconf 87' lang='lat' dir='ltr'><strong>me</strong></span> <span class='ocrx_word' id='word_1_166' title='bbox 330 2943 418 3003; x_wconf 86' lang='lat' dir='ltr'><strong>reilci</strong></span> <span class='ocrx_word' id='word_1_167' title='bbox 431 2945 482 3005; x_wconf 82' lang='lat' dir='ltr'><strong>rix</strong></span> <span class='ocrx_word' id='word_1_168' title='bbox 496 2951 571 3024; x_wconf 87' lang='lat' dir='ltr'><strong>pato</strong></span> <span class='ocrx_word' id='word_1_169' title='bbox 585 2963 678 3025; x_wconf 88' lang='lat' dir='ltr'><strong>posse</strong></span> <span class='ocrx_word' id='word_1_170' title='bbox 694 2943 812 3007; x_wconf 85' lang='lat' dir='ltr'><strong>decem.</strong></span> 
     </span>
     <span class='ocr_line' id='line_1_29' title="bbox 12 3017 961 3110; baseline 0.002 -25"><span class='ocrx_word' id='word_1_171' title='bbox 12 3017 13 3079; x_wconf 47' lang='grc' dir='ltr'>ἶ</span> <span class='ocrx_word' id='word_1_172' title='bbox 82 3022 281 3089; x_wconf 82' lang='lat' dir='ltr'><strong>tlilanditias</strong></span> <span class='ocrx_word' id='word_1_173' title='bbox 295 3029 414 3090; x_wconf 82' lang='lat' dir='ltr'><strong>nescia:</strong></span> <span class='ocrx_word' id='word_1_174' title='bbox 437 3027 561 3108; x_wconf 88' lang='lat' dir='ltr'><strong>„daho“</strong></span> <span class='ocrx_word' id='word_1_175' title='bbox 576 3028 627 3090; x_wconf 90' lang='lat' dir='ltr'><strong>dic</strong></span> <span class='ocrx_word' id='word_1_176' title='bbox 641 3030 722 3110; x_wconf 89' lang='lat' dir='ltr'><strong>„tihi</strong></span> <span class='ocrx_word' id='word_1_177' title='bbox 735 3027 821 3090; x_wconf 86' lang='lat' dir='ltr'><strong>milia</strong></span> <span class='ocrx_word' id='word_1_178' title='bbox 837 3033 961 3089; x_wconf 88' lang='lat' dir='ltr'><strong>centum</strong></span> 
     </span>
     <span class='ocr_line' id='line_1_30' title="bbox 13 3109 717 3194; baseline 0.003 -22"><span class='ocrx_word' id='word_1_179' title='bbox 13 3112 14 3151; x_wconf 67' lang='lat' dir='ltr'><strong>l</strong></span> <span class='ocrx_word' id='word_1_180' title='bbox 143 3110 190 3173; x_wconf 77' lang='lat' dir='ltr'><strong>Et</strong></span> <span class='ocrx_word' id='word_1_181' title='bbox 204 3109 285 3173; x_wconf 89' lang='lat' dir='ltr'><strong>daho</strong></span> <span class='ocrx_word' id='word_1_182' title='bbox 300 3113 402 3174; x_wconf 89' lang='lat' dir='ltr'><strong>Setini</strong></span> <span class='ocrx_word' id='word_1_183' title='bbox 415 3112 522 3194; x_wconf 83' lang='lat' dir='ltr'><strong>iugera</strong></span> <span class='ocrx_word' id='word_1_184' title='bbox 538 3121 624 3176; x_wconf 84' lang='lat' dir='ltr'><strong>certa</strong></span> <span class='ocrx_word' id='word_1_185' title='bbox 640 3113 717 3188; x_wconf 92' lang='lat' dir='ltr'><strong>soli;</strong></span> 
     </span>
    </p>
   </div>
   <div class='ocr_carea' id='block_1_9' title="bbox 102 3195 1071 3363">
    <p class='ocr_par' dir='ltr' id='par_1_11' title="bbox 13 3161 1071 3427">
     <span class='ocr_line' id='line_1_31' title="bbox 102 3195 1071 3279; baseline 0.002 -22.832"><span class='ocrx_word' id='word_1_186' title='bbox 102 3195 224 3277; x_wconf 81' lang='lat' dir='ltr'><strong>Accipe</strong></span> <span class='ocrx_word' id='word_1_187' title='bbox 239 3198 324 3277; x_wconf 83' lang='lat' dir='ltr'><strong>vina,</strong></span> <span class='ocrx_word' id='word_1_188' title='bbox 344 3196 483 3278; x_wconf 90' lang='lat' dir='ltr'><strong>domum,</strong></span> <span class='ocrx_word' id='word_1_189' title='bbox 510 3217 643 3279; x_wconf 87' lang='lat' dir='ltr'><strong>pueros,</strong></span> <span class='ocrx_word' id='word_1_190' title='bbox 666 3196 891 3278; x_wconf 85' lang='lat' dir='ltr'><strong>chrysendeta,</strong></span> <span class='ocrx_word' id='word_1_191' title='bbox 918 3196 1071 3263; x_wconf 83' lang='lat' dir='ltr'><strong>mensas.“</strong></span> 
     </span>
     <span class='ocr_line' id='line_1_32' title="bbox 143 3280 927 3363; baseline 0.004 -21.431"><span class='ocrx_word' id='word_1_192' title='bbox 143 3280 199 3342; x_wconf 88' lang='lat' dir='ltr'><strong>Nil</strong></span> <span class='ocrx_word' id='word_1_193' title='bbox 214 3300 292 3363; x_wconf 83' lang='lat' dir='ltr'><strong>opus</strong></span> <span class='ocrx_word' id='word_1_194' title='bbox 308 3287 358 3343; x_wconf 87' lang='lat' dir='ltr'><strong>est</strong></span> <span class='ocrx_word' id='word_1_195' title='bbox 374 3280 496 3362; x_wconf 79' lang='lat' dir='ltr'><strong>digitis:</strong></span> <span class='ocrx_word' id='word_1_196' title='bbox 519 3285 564 3344; x_wconf 90' lang='lat' dir='ltr'><strong>sic</strong></span> <span class='ocrx_word' id='word_1_197' title='bbox 580 3285 671 3361; x_wconf 88' lang='lat' dir='ltr'><strong>mihi,</strong></span> <span class='ocrx_word' id='word_1_198' title='bbox 693 3280 816 3363; x_wconf 87' lang='lat' dir='ltr'><strong>Phylli,</strong></span> <span class='ocrx_word' id='word_1_199' title='bbox 837 3282 927 3345; x_wconf 83' lang='lat' dir='ltr'><strong>frica.</strong></span> 
     </span>
    </p>
   </div>
   <div class='ocr_carea' id='block_1_10' title="bbox 502 3418 596 3480">
    <p class='ocr_par' dir='ltr' id='par_1_12' title="bbox 502 3418 596 3480">
     <span class='ocr_line' id='line_1_33' title="bbox 502 3418 596 3480; baseline 0.011 -1"><span class='ocrx_word' id='word_1_200' title='bbox 502 3418 596 3480; x_wconf 87' lang='lat' dir='ltr'>XXX.</span> 
     </span>
    </p>
   </div>
   <div class='ocr_carea' id='block_1_11' title="bbox 13 3523 924 3699">
    <p class='ocr_par' dir='ltr' id='par_1_13' title="bbox 13 3480 924 3699">
     <span class='ocr_line' id='line_1_34' title="bbox 104 3523 924 3615; baseline 0.008 -27.301"><span class='ocrx_word' id='word_1_201' title='bbox 104 3528 146 3589; x_wconf 89' lang='lat' dir='ltr'><strong>0s</strong></span> <span class='ocrx_word' id='word_1_202' title='bbox 163 3527 249 3589; x_wconf 82' lang='lat' dir='ltr'><strong>male</strong></span> <span class='ocrx_word' id='word_1_203' title='bbox 264 3528 429 3591; x_wconf 86' lang='lat' dir='ltr'><strong>causidicis</strong></span> <span class='ocrx_word' id='word_1_204' title='bbox 444 3538 477 3592; x_wconf 90' lang='lat' dir='ltr'><strong>et</strong></span> <span class='ocrx_word' id='word_1_205' title='bbox 491 3531 569 3593; x_wconf 82' lang='lat' dir='ltr'><strong>dicis</strong></span> <span class='ocrx_word' id='word_1_206' title='bbox 584 3532 672 3594; x_wconf 86' lang='lat' dir='ltr'><strong>olere</strong></span> <span class='ocrx_word' id='word_1_207' title='bbox 684 3523 799 3615; x_wconf 84' lang='lat' dir='ltr'><strong>poetis.</strong></span> <span class='ocrx_word' id='word_1_208' title='bbox 920 3564 924 3569; x_wconf 95' lang='lat'>·</span> 
     </span>
     <span class='ocr_line' id='line_1_35' title="bbox 13 3612 714 3699; baseline 0.009 -24"><span class='ocrx_word' id='word_1_209' title='bbox 13 3652 14 3675; x_wconf 58' lang='grc' dir='ltr'>ι</span> <span class='ocrx_word' id='word_1_210' title='bbox 142 3612 210 3674; x_wconf 87' lang='lat' dir='ltr'><strong>Sed</strong></span> <span class='ocrx_word' id='word_1_211' title='bbox 226 3612 380 3695; x_wconf 85' lang='lat' dir='ltr'><strong>iellatori,</strong></span> <span class='ocrx_word' id='word_1_212' title='bbox 401 3615 512 3697; x_wconf 84' lang='lat' dir='ltr'><strong>Zoile,</strong></span> <span class='ocrx_word' id='word_1_213' title='bbox 534 3618 624 3699; x_wconf 86' lang='lat' dir='ltr'><strong>peius</strong></span> <span class='ocrx_word' id='word_1_214' title='bbox 639 3616 714 3682; x_wconf 86' lang='lat' dir='ltr'><strong>olet.</strong></span> 
     </span>
    </p>
   </div>
   <div class='ocr_carea' id='block_1_12' title="bbox 0 0 1226 4209">
    <p class='ocr_par' dir='ltr' id='par_1_14' title="bbox 0 0 1226 4209">
     <span class='ocr_line' id='line_1_36' title="bbox 0 0 1226 4209; baseline 0 0"><span class='ocrx_word' id='word_1_215' title='bbox 0 0 1226 4209; x_wconf 95' lang='lat' dir='ltr'><strong> </strong></span> 
     </span>
    </p>
   </div>
  </div>
 </body>
</html>
