2442 4209
154 336 218 403 274
479 336 523 399 Μ.
539 335 632 400 VAL.
649 335 874 398 MARTIALIS

242 488 305 551 Sed
319 490 398 550 deus
414 495 507 570 utque
521 506 648 567 gemens
662 488 741 547 tenti
754 492 848 567 negot
862 505 933 547 esse
951 485 1077 549 salutem

285 574 389 653 Seque
406 572 507 635 refert
520 573 625 653 potius
639 573 838 651 proposuisse
853 572 942 635 mori.

220 658 301 720 §Vir
313 662 419 736 roget,
441 665 476 720 ut
489 658 570 717 vivut
584 652 700 716 virides
714 673 773 716 nec
789 653 916 718 deseret
930 676 1041 736 nunus,

283 742 325 803 lut
338 742 408 801 fleri
424 739 507 820 quod
520 741 581 800 ium
595 757 658 799 nou
670 739 748 800 iecit
760 740 829 821 ipse
843 741 928 802 sinit.

240 826 386 887 Protinus
401 823 552 887 accedunt
565 822 679 884 medici
690 822 890 903 medicaeque
907 824 1073 902 recedunt,

288 906 520 989 Tollunturque
537 906 645 989 pedes.
680 908 707 968 0
723 907 876 969 medicInn
891 910 1009 987 gravis!

623 1041 742 1103 LXXII.

242 1158 354 1219 Drauci
366 1158 464 1219 Nutte
473 1156 519 1217 sui
534 1161 624 1215 vocet
637 1154 811 1235 pipinum,

242 1240 382 1303 Collatus
398 1244 446 1303 cui
461 1238 567 1302 (Iullus
584 1244 633 1299 est
648 1238 787 1319 Priapus.

616 1371 748 1439 LXXIII.

242 1489 418 1552 Venturum
432 1490 516 1549 iurss
531 1506 655 1571 semper
670 1488 761 1565 mini,
780 1485 905 1566 Lygde,
928 1487 1051 1565 roganti

285 1572 518 1652 Constituisque
532 1574 640 1633 horum
655 1572 879 1651 constituisque
893 1569 1009 1634 locum.

183 1694 185 1697 -
244 1657 321 1718 Gurn
335 1655 451 1717 frustra
466 1658 547 1718 iucui
562 1655 655 1735 longa
668 1656 829 1737 prurigine
842 1660 966 1735 tentus,

288 1740 449 1802 Succurrit
462 1761 520 1823 pro
534 1749 568 1801 te
583 1758 676 1821 saepe
691 1740 817 1800 siuistre
831 1740 916 1802 mihi,

227 1824 332 1902 cquid
346 1844 475 1906 precer,
497 1846 515 1885 o
530 1824 640 1903 fallax,
661 1824 781 1884 meritis
796 1830 830 1883 et
843 1826 981 1885 morinus
995 1822 1087 1883 Istis?
1203 1827 1204 1830 ’

286 1907 462 1971 Umbellam
475 1908 598 1988 luscne,
619 1906 743 1988 Lygde,
764 1907 1018 1969 icrssdominse.

613 2042 749 2105 LXXIV.

244 2155 420 2218 Curandum
436 2176 547 2239 penem
563 2157 716 2217 commisit
730 2157 863 2217 Boccare
877 2155 1019 2217 (insecus

285 2240 386 2302 Rlvsli
401 2240 531 2304 medico.
558 2241 691 2301 Buccnru
706 2236 814 2300 Gallus
828 2240 898 2301 erit.

621 2373 743 2436 LXXV.

247 2488 354 2550 'I'hecu
368 2495 469 2550 tectus
485 2490 602 2552 ahenea
615 2488 734 2550 luuntur

246 2572 380 2651 Tecum,
401 2571 524 2652 caelia,
547 2593 671 2649 servus3
692 2567 832 2650 utquid,
855 2589 928 2648 oro,

244 2658 314 2718 Non
328 2658 370 2718 sit
386 2676 454 2717 cum
470 2658 667 2718 citharoedus
682 2664 734 2717 sut
748 2651 935 2715 choraules?

244 2740 313 2803 Nou
326 2742 389 2820 vis,
410 2748 445 2805 ut
457 2746 550 2822 putu,
571 2739 738 2802 mentulam
753 2737 870 2800 videre.

224 2827 348 2902 sQuure
363 2846 431 2887 curn
445 2823 559 2907 populo
578 2824 690 2887 lavaris
705 2824 802 2903 ergo‘.²

247 2909 361 2971 Omnes
376 2930 412 2969 ιιι
429 2911 485 2970 tibi
500 2930 557 2972 nor
571 2930 674 2971 sumus
688 2906 863 2990 spadones?

245 2994 346 3073 Ergo,
366 3012 406 3053 ue
420 2992 554 3055 videaris
569 2993 727 3072 invidere,

247 3077 359 3156 Servo,
382 3076 505 3158 Coelio,
522 3077 648 3141 fibulum
664 3076 800 3139 remitte.

615 3212 751 3276 LXXVI.

248 3322 394 3402 Solvere,
416 3324 530 3401 Paete,
552 3321 660 3383 decern
677 3324 735 3383 tibi
749 3341 799 3384 me
814 3322 960 3383 sestertio
974 3320 1078 3401 cogis,

287 3405 467 3469 Perdiderit
483 3408 624 3488 quonism
639 3408 740 3468 Bucco
755 3406 888 3468 ducents
901 3406 968 3467 tini.

246 3492 292 3551 Ne
307 3497 455 3570 noceant,
477 3511 548 3570 oro,
569 3492 645 3551 mihi
658 3510 720 3551 nou
734 3509 803 3553 mes
817 3490 961 3551 criuniun:
982 3494 1017 3549 tu
1031 3489 1088 3569 qui

288 3576 341 3635 Bis
356 3581 488 3651 centens
503 3582 593 3656 potes
607 3574 759 3655 perdere,
781 3572 880 3656 perde
896 3573 1015 3635 decern.
