2442 4209
282 350 622 415 EPIGRAMMATON
634 351 710 419 Ltu.
727 352 768 416 V.
986 352 1049 421 lli

475 554 569 617 xvii.

105 667 172 726 num
184 684 310 747 proavos
325 672 491 747 atavosque
503 667 606 727 refers
622 673 655 727 et
668 669 792 729 nomina
804 688 928 749 magua,

140 751 211 811 Βιιιι
224 750 281 809 tibi
298 755 406 809 nostor
420 768 516 829 eques
533 750 811 826 sordidaconditio
826 759 891 832 est,

103 836 171 895 Dnm
183 842 214 895 tc
226 851 319 915 posse
335 851 431 913 negas
444 836 505 895 nisi
518 834 600 913 lato,
623 835 742 914 Gellia,
765 836 850 898 claro

137 919 269 995 Nubere,
291 920 439 999 nupslsti‚
463 918 580 997 Gellia,
603 920 751 981 cistifcro.

471 1053 578 1116 xviri.

103 1158 182 1246 Quod
194 1174 251 1233 tibi
265 1172 431 1233 Deccmbri
446 1190 569 1250 mense,
590 1191 651 1251 quo
665 1171 771 1234 volant
785 1194 912 1257 mappae

104 1254 292 1336 Gracilesque
304 1254 420 1335 ligulae
435 1258 582 1335 cereique
599 1258 786 1337 chartaeque

100 1339 229 1401 utacum
243 1342 463 1401 senibustesta
479 1360 546 1400 cum
561 1342 774 1421 Damascenis,

100 1423 218 1485 Praeter
228 1424 354 1485 libellos
367 1424 510 1485 vernulas
526 1424 606 1485 nihil
620 1426 706 1503 misi,

83 1506 231 1569 tFortasse
247 1528 354 1570 avarus
368 1508 474 1570 videar
489 1516 540 1569 aut
553 1510 745 1572 inhumanus.

101 1590 152 1651 0di
165 1591 283 1655 dolosas
298 1612 459 1654 munerum
474 1599 508 1653 et
520 1593 614 1654 malas
629 1599 722 1655 artes.

99 1675 244 1738 Imitantur
259 1679 366 1738 hamos
381 1676 471 1743 dona.
500 1676 638 1756 Namque
654 1680 722 1757 quis
736 1678 853 1756 nescit,

99 1760 214 1821 Avidum
228 1769 336 1823 vorato
352 1761 454 1841 decipi
469 1782 588 1822 scarum
604 1762 731 1823 musco?

102 1844 237 1919 Quotiens
252 1848 350 1906 amico
366 1844 454 1905 diviti
469 1845 547 1906 nihil
563 1845 673 1924 donat,

70 1927 119 1987 100
132 1929 307 2008 Quintiano,
328 1928 468 1989 liberalis
484 1937 531 1991 est
546 1950 672 2010 pauper.

477 2064 556 2126 XlX.

99 2172 125 2233 Si
140 2194 194 2253 qua
206 2177 285 2239 fides
298 2179 396 2257 veris,
418 2178 590 2257 praeferri,
613 2180 741 2239 maxime
756 2180 888 2257 Caesar,

133 2258 333 2341 Temporibus
349 2268 479 2341 possunt
493 2263 614 2323 saecula
628 2261 713 2323 nulla
727 2265 796 2325 tuis.

98 2341 212 2416 Quando
230 2348 325 2424 magis
340 2345 449 2425 dignos
468 2346 555 2407 licuit
570 2354 713 2427 spectare
731 2348 926 2428 triumphos?

109 2439 114 2447 '
131 2427 254 2503 Quando
267 2428 400 2491 Palatini
412 2428 483 2511 plus
498 2449 641 2491 meruere
656 2430 731 2491 dei?

81 2508 250 2574 5Pulchrior
264 2520 298 2574 ot
311 2516 409 2575 maior
423 2533 484 2593 quo
499 2517 554 2577 sub
570 2515 648 2575 duce
661 2515 777 2577 Martia
789 2515 908 2577 Roma?

130 2594 188 2656 Sub
204 2618 264 2678 qno
278 2598 406 2659 libertas
421 2600 563 2679 principe
578 2606 665 2659 tanta
678 2600 761 2660 fuiti

94 2677 143 2738 list
155 2686 256 2741 tamen
271 2683 331 2743 lnoc
344 2685 468 2761 vitium,
485 2683 542 2743 sed
555 2704 618 2743 non
629 2682 716 2760 leve,
737 2687 779 2745 sit
791 2684 868 2745 licet
881 2701 993 2761 uuum,

129 2763 213 2839 Quod
227 2765 303 2827 colit
316 2767 451 2845 ingratas
464 2786 581 2847 pauper
597 2768 754 2835 amicitias.

95 2845 158 2919 Quis
173 2844 306 2927 largitur
321 2869 396 2933 opes
409 2853 509 2911 veteri
523 2852 648 2931 fidoque
663 2850 778 2929 sodali,

64 2935 88 2985 10
127 2930 186 2992 Aut
200 2952 292 3013 quem
305 2936 504 3013 prosequitur
518 2954 580 2995 uon
595 2935 713 2995 chenus
730 2936 848 3014 eques?

94 3011 305 3079 Saturnaliciae
319 3017 443 3097 ligulam
457 3020 577 3081 misisse
592 3019 726 3080 selibrae

127 3098 344 3171 Flammarisve
359 3110 449 3181 togae
464 3102 598 3183 scripula
613 3111 678 3164 tota
694 3102 803 3163 decem

93 3179 217 3245 luxuria
230 3191 295 3265 ost,
318 3186 490 3265 tumidique
504 3194 616 3247 vocant
628 3189 706 3247 hacc
719 3205 848 3247 munera
865 3204 973 3266 reges:

129 3267 184 3343 Qui
200 3278 311 3349 crepet
326 3270 483 3349 aureolos,
505 3272 636 3333 forsitan
648 3290 727 3333 unua
742 3272 812 3332 crit.

65 3348 237 3423 thuateuua
251 3354 285 3413 hi
304 3361 468 3431 nunaunt,
490 3361 623 3433 astuta,
644 3357 775 3432 Caesar,
797 3355 931 3416 amicus:

128 3434 213 3497 Nulla
228 3436 315 3499 ducis
328 3440 426 3499 virtus
441 3438 560 3509 dulcior
575 3457 645 3499 esse
660 3446 774 3519 potest.

94 3515 144 3577 lam
158 3519 270 3583 dudum
285 3522 379 3583 tacito
394 3521 498 3600 rides,
521 3522 723 3600 Germanice,
743 3542 836 3583 uaso:

30 3664 31 3679 q
127 3603 207 3667 Utile
222 3606 306 3687 quod
320 3608 425 3685 nobis,
449 3606 488 3666 do
502 3608 560 3667 tihi
576 3606 746 3671 consilium.
