2442 4209
274 324 616 387 EPIGRAMMATON
628 326 702 387 Lm.
719 326 755 389 V.
976 322 1035 396 107

81 480 181 559 5‚,Surs
192 497 256 541 mea
271 497 360 558 qnam
375 479 483 539 fratris
498 476 627 557 melior,
649 480 699 540 cui
713 485 775 539 tarn
790 498 889 559 prope
903 479 951 541 faa
968 484 1017 539 est

133 564 279 641 Cernere,
300 569 361 623 tam
375 560 469 643 longe
484 581 575 642 quem
592 564 667 625 colit
681 561 740 623 ille
755 563 879 624 deum.“

493 698 543 760 lv.

94 810 196 871 Fetere
209 809 303 870 multu
318 809 454 887 Myrtale
471 808 552 871 salet
566 811 653 888 vinc,

95 893 150 954 Sed
161 892 246 954 fallat
258 899 293 954 ut
307 912 381 970 nos,
402 892 478 954 folia
492 893 621 955 devoret
634 893 714 955 lauri

94 979 262 1058 Merumque
278 983 366 1038 cauta
381 976 510 1056 fronde,
532 998 594 1038 nun
608 997 686 1056 aqua
699 980 818 1040 miscet

93 1062 170 1122 lianc
183 1068 215 1122 tn
230 1061 392 1122 rubentem
406 1063 655 1142 prominentibus
672 1064 760 1125 venis

78 1147 236 1223 5Quctiens
251 1147 377 1223 venire,
397 1145 511 1223 Paule,
532 1144 650 1206 videris
665 1152 789 1220 cuntra3

90 1230 170 1291 Dicas
182 1228 293 1293 licebit
308 1228 467 1309 „Myrtale
482 1231 563 1290 bibit
577 1228 733 1292 laurum.“

498 1364 536 1425 V.

90 1474 190 1553 Sexte,
211 1473 372 1534 Palatinae
388 1472 490 1536 cultor
504 1473 638 1535 iucunde
651 1476 831 1555 Minervae,

123 1559 244 1639 ingenio
258 1558 374 1619 frueris
389 1560 441 1639 qui
452 1561 600 1639 propiore
616 1557 683 1635 tlei3

90 1642 155 1703 Nam
170 1644 226 1703 tibi
240 1647 404 1703 nascentes
419 1641 535 1702 domini
549 1662 738 1722 cognoscere
753 1664 845 1725 curas

124 1727 162 1787 lit
176 1732 298 1787 secreta
314 1725 400 1786 ducis
415 1734 543 1807 pectora
558 1746 651 1788 nosse
664 1725 757 1788 licet:

75 1810 135 1872 usit
145 1810 229 1871 lucus
245 1817 278 1871 et
293 1812 409 1872 nostris
425 1810 526 1889 aliqua
541 1812 599 1871 tibi
613 1818 703 1894 parte
716 1810 854 1890 libellis,

127 1896 187 1972 Qua
200 1896 307 1974 Pedo,
330 1914 389 1974 qua
404 1895 527 1955 Marsus
545 1895 666 1976 qua'que
682 1893 823 1957 Catullus
838 1897 910 1959 erit.

92 1978 133 2039 Ad
145 1980 310 2060 capitolini
327 1977 472 2039 caelestia
487 1982 622 2040 carmina
636 1978 715 2041 belli

127 2063 246 2124 Grande
262 2063 438 2124 cothurnati
453 2082 535 2143 pone
550 2065 691 2125 Maronis
707 2084 792 2144 opus·

495 2208 544 2268 Vl.

18 2358 19 2389 2
95 2316 189 2377 Sinon
204 2324 254 2378 est
268 2336 359 2396 grave
375 2337 432 2377 nec
447 2318 538 2378 nimis
553 2318 733 2397 molestum,

18 2458 20 2471 ,
94 2400 203 2479 Musae,
224 2401 426 2462 Parthenium
442 2408 550 2481 rogate
565 2409 714 2464 vestrum:

95 2484 136 2544 Sic
149 2493 179 2546 te
193 2487 296 2546 serior
310 2492 343 2545 et
356 2487 447 2546 beata
463 2486 617 2565 qnondam

19 2590 20 2615 ³
96 2568 169 2630 Salvo
185 2571 319 2630 Caesare
333 2571 420 2631 liniat
434 2577 579 2632 senectus

18 2704 20 2739 Ι
75 2652 666 2819 5lltcflllnllllllaltlsuaillllaleqllaxrlentem:

19 2808 20 2899 J
94 2820 233 2882 Admittas
248 2822 384 2883 timidam
398 2824 587 2902 brevemque
603 2823 739 2884 chartam

94 2904 165 2965 lntra
177 2906 283 2967 limina
299 2907 461 2967 sanctioris
476 2909 551 2967 aevi.

93 2988 170 3049 Nosti
183 2996 323 3070 tempora
337 2996 372 3049 tu
386 2990 466 3052 lovis
482 2990 603 3069 sereni,

58 3073 159 3136 acuum
171 3073 273 3153 fulget
287 3072 409 3153 placido
426 3094 543 3154 suoque
557 3072 661 3153 vultu,

92 3158 149 3233 Quo
162 3157 207 3217 nil
222 3157 411 3238 supplicibus
426 3156 508 3220 solet
523 3178 649 3239 negare.
804 3229 806 3236 ,

19 3310 20 3323 ¹
90 3241 150 3301 Nun
166 3248 215 3303 est
230 3241 312 3321 quod
327 3250 445 3305 metuas
460 3261 571 3323 preces
585 3239 723 3323 iniquass

20 3325 23 3401 l
91 3324 241 3405 Nunquam
256 3326 385 3405 grandia
398 3345 459 3388 uec
472 3325 603 3387 molesta
620 3328 722 3408 poscit
811 3374 814 3380 .

90 3411 166 3486 Quae
180 3409 275 3471 cedro
291 3409 436 3476 decorata
447 3430 646 3491 purpuraque

21 3558 22 3561 Ἴ
58 3494 181 3573 lbltigris
196 3496 309 3576 pagina
324 3496 423 3557 crevit
436 3493 599 3556 umbilicis.

21 3614 22 3649 q
89 3578 145 3639 Nec
157 3581 337 3659 porrexeris
352 3580 426 3658 ista,
449 3578 505 3641 sed
520 3586 629 3641 tenete
