<?xml version="1.0" encoding="UTF-8"?>
<!DOCTYPE html PUBLIC "-//W3C//DTD XHTML 1.0 Transitional//EN"
    "http://www.w3.org/TR/xhtml1/DTD/xhtml1-transitional.dtd">
<html xmlns="http://www.w3.org/1999/xhtml" xml:lang="en" lang="en">
 <head>
  <title>
</title>
<meta http-equiv="Content-Type" content="text/html;charset=utf-8" />
  <meta name='ocr-system' content='tesseract 3.04.00' />
  <meta name='ocr-capabilities' content='ocr_page ocr_carea ocr_par ocr_line ocrx_word'/>
</head>
<body>
  <div class='ocr_page' id='page_1' title='image "./mvalmartialisep02martgoog_0069.png"; bbox 0 0 2442 4209; ppageno 0'>
   <div class='ocr_carea' id='block_1_1' title="bbox 277 333 1085 452">
    <p class='ocr_par' dir='ltr' id='par_1_1' title="bbox 277 333 1085 452">
     <span class='ocr_line' id='line_1_1' title="bbox 277 333 1085 452; baseline 0.004 -3"><span class='ocrx_word' id='word_1_1' title='bbox 277 335 622 449; x_wconf 72' lang='lat' dir='ltr'><strong>EPIGRAMMA&#39;PON</strong></span> <span class='ocrx_word' id='word_1_2' title='bbox 635 386 710 449; x_wconf 86' lang='lat' dir='ltr'><strong>Llll.</strong></span> <span class='ocrx_word' id='word_1_3' title='bbox 724 389 761 450; x_wconf 88' lang='grc' dir='ltr'><strong>Π.</strong></span> <span class='ocrx_word' id='word_1_4' title='bbox 1002 386 1048 452; x_wconf 74' lang='grc'><strong>49</strong></span> <span class='ocrx_word' id='word_1_5' title='bbox 1080 333 1085 340; x_wconf 94' lang='lat'><em>·</em></span> 
     </span>
    </p>
   </div>
   <div class='ocr_carea' id='block_1_2' title="bbox 45 537 905 957">
    <p class='ocr_par' dir='ltr' id='par_1_2' title="bbox 45 537 905 957">
     <span class='ocr_line' id='line_1_2' title="bbox 130 537 866 620; baseline -0.001 -18"><span class='ocrx_word' id='word_1_6' title='bbox 130 541 239 602; x_wconf 84' lang='lat' dir='ltr'><strong>liumus</strong></span> <span class='ocrx_word' id='word_1_7' title='bbox 254 540 337 601; x_wconf 87' lang='lat' dir='ltr'><strong>etin</strong></span> <span class='ocrx_word' id='word_1_8' title='bbox 350 539 478 602; x_wconf 92' lang='lat' dir='ltr'><strong>mullum</strong></span> <span class='ocrx_word' id='word_1_9' title='bbox 491 541 627 601; x_wconf 78' lang='lat' dir='ltr'><strong>mittitur</strong></span> <span class='ocrx_word' id='word_1_10' title='bbox 642 546 735 620; x_wconf 82' lang='lat' dir='ltr'><strong>atque</strong></span> <span class='ocrx_word' id='word_1_11' title='bbox 750 537 784 601; x_wconf 94' lang='lat' dir='ltr'><strong>lu</strong></span> <span class='ocrx_word' id='word_1_12' title='bbox 805 558 866 601; x_wconf 91' lang='lat' dir='ltr'><strong>um.</strong></span> 
     </span>
     <span class='ocr_line' id='line_1_3' title="bbox 78 625 905 706; baseline 0 -20"><span class='ocrx_word' id='word_1_13' title='bbox 78 628 226 696; x_wconf 67' lang='lat' dir='ltr'><strong>ocpccuba</strong></span> <span class='ocrx_word' id='word_1_14' title='bbox 240 631 405 686; x_wconf 72' lang='lat' dir='ltr'><strong>saccentur</strong></span> <span class='ocrx_word' id='word_1_15' title='bbox 421 643 561 706; x_wconf 88' lang='lat' dir='ltr'><strong>quaeque</strong></span> <span class='ocrx_word' id='word_1_16' title='bbox 576 642 673 685; x_wconf 87' lang='lat' dir='ltr'><strong>annus</strong></span> <span class='ocrx_word' id='word_1_17' title='bbox 689 625 772 685; x_wconf 88' lang='lat' dir='ltr'><strong>coxit</strong></span> <span class='ocrx_word' id='word_1_18' title='bbox 836 625 905 706; x_wconf 88' lang='lat' dir='ltr'><strong>iml‚</strong></span> 
     </span>
     <span class='ocr_line' id='line_1_4' title="bbox 131 707 770 788; baseline -0.003 -16"><span class='ocrx_word' id='word_1_19' title='bbox 131 707 308 772; x_wconf 78' lang='lat' dir='ltr'><strong>Condantur</strong></span> <span class='ocrx_word' id='word_1_20' title='bbox 321 727 415 788; x_wconf 88' lang='lat' dir='ltr'><strong>parco</strong></span> <span class='ocrx_word' id='word_1_21' title='bbox 431 709 517 769; x_wconf 82' lang='lat' dir='ltr'><strong>lusca</strong></span> <span class='ocrx_word' id='word_1_22' title='bbox 531 707 667 770; x_wconf 82' lang='lat' dir='ltr'><strong>Falerna</strong></span> <span class='ocrx_word' id='word_1_23' title='bbox 680 709 770 770; x_wconf 87' lang='lat' dir='ltr'><strong>vitro.</strong></span> 
     </span>
     <span class='ocr_line' id='line_1_5' title="bbox 45 791 786 872; baseline -0.005 -16"><span class='ocrx_word' id='word_1_24' title='bbox 45 802 47 808; x_wconf 87' lang='lat'>&#39;</span> <span class='ocrx_word' id='word_1_25' title='bbox 96 796 199 856; x_wconf 81' lang='lat' dir='ltr'><strong>Omnes</strong></span> <span class='ocrx_word' id='word_1_26' title='bbox 216 791 396 872; x_wconf 79' lang='lat' dir='ltr'><strong>Tongilium</strong></span> <span class='ocrx_word' id='word_1_27' title='bbox 410 793 523 855; x_wconf 89' lang='lat' dir='ltr'><strong>medici</strong></span> <span class='ocrx_word' id='word_1_28' title='bbox 537 795 659 854; x_wconf 86' lang='lat' dir='ltr'><strong>iussero</strong></span> <span class='ocrx_word' id='word_1_29' title='bbox 672 791 786 854; x_wconf 68' lang='lat' dir='ltr'><strong>lavaris</strong></span> 
     </span>
     <span class='ocr_line' id='line_1_6' title="bbox 132 875 853 957; baseline -0.001 -17"><span class='ocrx_word' id='word_1_30' title='bbox 132 878 155 940; x_wconf 91' lang='lat'>0</span> <span class='ocrx_word' id='word_1_31' title='bbox 170 875 275 957; x_wconf 90' lang='lat' dir='ltr'><strong>stulti,</strong></span> <span class='ocrx_word' id='word_1_32' title='bbox 298 878 419 938; x_wconf 84' lang='lat' dir='ltr'><strong>febrem</strong></span> <span class='ocrx_word' id='word_1_33' title='bbox 435 877 565 939; x_wconf 83' lang='lat' dir='ltr'><strong>creditis</strong></span> <span class='ocrx_word' id='word_1_34' title='bbox 580 877 673 938; x_wconf 74' lang='lat' dir='ltr'><strong>esaei</strong></span> <span class='ocrx_word' id='word_1_35' title='bbox 702 876 781 938; x_wconf 78' lang='lat' dir='ltr'><strong>Gula</strong></span> <span class='ocrx_word' id='word_1_36' title='bbox 795 884 853 939; x_wconf 79' lang='lat' dir='ltr'><strong>est</strong></span> 
     </span>
    </p>
   </div>
   <div class='ocr_carea' id='block_1_3' title="bbox 483 1013 560 1074">
    <p class='ocr_par' dir='ltr' id='par_1_3' title="bbox 483 1013 560 1074">
     <span class='ocr_line' id='line_1_7' title="bbox 483 1013 560 1074; baseline 0 0"><span class='ocrx_word' id='word_1_37' title='bbox 483 1013 560 1074; x_wconf 85' lang='lat' dir='ltr'>XLI.</span> 
     </span>
    </p>
   </div>
   <div class='ocr_carea' id='block_1_4' title="bbox 62 1125 841 3057">
    <p class='ocr_par' dir='ltr' id='par_1_4' title="bbox 95 1125 637 1292">
     <span class='ocr_line' id='line_1_8' title="bbox 95 1125 637 1206; baseline -0.006 -19"><span class='ocrx_word' id='word_1_38' title='bbox 95 1125 187 1204; x_wconf 82' lang='lat' dir='ltr'><strong>„llide</strong></span> <span class='ocrx_word' id='word_1_39' title='bbox 202 1127 230 1186; x_wconf 93' lang='lat' dir='ltr'><strong>si</strong></span> <span class='ocrx_word' id='word_1_40' title='bbox 246 1127 346 1206; x_wconf 87' lang='lat' dir='ltr'><strong>sapis,</strong></span> <span class='ocrx_word' id='word_1_41' title='bbox 368 1146 386 1186; x_wconf 95' lang='lat' dir='ltr'><strong>o</strong></span> <span class='ocrx_word' id='word_1_42' title='bbox 403 1125 523 1206; x_wconf 87' lang='lat' dir='ltr'><strong>puella,</strong></span> <span class='ocrx_word' id='word_1_43' title='bbox 544 1125 637 1185; x_wconf 83' lang='lat' dir='ltr'><strong>ride“</strong></span> 
     </span>
     <span class='ocr_line' id='line_1_9' title="bbox 95 1209 633 1292; baseline -0.004 -22"><span class='ocrx_word' id='word_1_44' title='bbox 95 1209 252 1290; x_wconf 77' lang='lat' dir='ltr'><strong>Pelignus,</strong></span> <span class='ocrx_word' id='word_1_45' title='bbox 274 1216 368 1289; x_wconf 90' lang='lat' dir='ltr'><strong>puto,</strong></span> <span class='ocrx_word' id='word_1_46' title='bbox 390 1209 508 1271; x_wconf 84' lang='lat' dir='ltr'><strong>dixerat</strong></span> <span class='ocrx_word' id='word_1_47' title='bbox 521 1216 633 1292; x_wconf 89' lang='lat' dir='ltr'><strong>poeta,</strong></span> 
     </span>
    </p>

    <p class='ocr_par' dir='ltr' id='par_1_5' title="bbox 79 1290 688 1542">
     <span class='ocr_line' id='line_1_10' title="bbox 97 1290 657 1375; baseline -0.002 -23"><span class='ocrx_word' id='word_1_48' title='bbox 97 1293 151 1354; x_wconf 88' lang='lat' dir='ltr'><strong>Sed</strong></span> <span class='ocrx_word' id='word_1_49' title='bbox 164 1313 227 1354; x_wconf 92' lang='lat' dir='ltr'><strong>uon</strong></span> <span class='ocrx_word' id='word_1_50' title='bbox 243 1291 365 1354; x_wconf 83' lang='lat' dir='ltr'><strong>dixerat</strong></span> <span class='ocrx_word' id='word_1_51' title='bbox 379 1296 519 1356; x_wconf 89' lang='lat' dir='ltr'><strong>omnibus</strong></span> <span class='ocrx_word' id='word_1_52' title='bbox 533 1290 657 1375; x_wconf 87' lang='lat' dir='ltr'><strong>puellis.</strong></span> 
     </span>
     <span class='ocr_line' id='line_1_11' title="bbox 96 1374 688 1458; baseline -0.005 -19"><span class='ocrx_word' id='word_1_53' title='bbox 96 1378 203 1439; x_wconf 86' lang='lat' dir='ltr'><strong>Verum</strong></span> <span class='ocrx_word' id='word_1_54' title='bbox 217 1382 254 1438; x_wconf 87' lang='lat' dir='ltr'><strong>ut</strong></span> <span class='ocrx_word' id='word_1_55' title='bbox 269 1375 385 1439; x_wconf 79' lang='lat' dir='ltr'><strong>dixerit</strong></span> <span class='ocrx_word' id='word_1_56' title='bbox 400 1379 540 1440; x_wconf 83' lang='lat' dir='ltr'><strong>omnibus</strong></span> <span class='ocrx_word' id='word_1_57' title='bbox 555 1374 688 1458; x_wconf 81' lang='lat' dir='ltr'><strong>puellis,</strong></span> 
     </span>
     <span class='ocr_line' id='line_1_12' title="bbox 79 1459 654 1542; baseline -0.003 -20"><span class='ocrx_word' id='word_1_58' title='bbox 79 1461 157 1522; x_wconf 80' lang='lat' dir='ltr'><strong>5Non</strong></span> <span class='ocrx_word' id='word_1_59' title='bbox 171 1461 250 1521; x_wconf 83' lang='lat' dir='ltr'><strong>dixit</strong></span> <span class='ocrx_word' id='word_1_60' title='bbox 263 1462 336 1521; x_wconf 87' lang='lat' dir='ltr'><strong>tibi:</strong></span> <span class='ocrx_word' id='word_1_61' title='bbox 360 1468 393 1522; x_wconf 90' lang='lat' dir='ltr'><strong>tu</strong></span> <span class='ocrx_word' id='word_1_62' title='bbox 408 1459 514 1542; x_wconf 87' lang='lat' dir='ltr'><strong>puella</strong></span> <span class='ocrx_word' id='word_1_63' title='bbox 527 1481 590 1521; x_wconf 95' lang='lat' dir='ltr'><strong>non</strong></span> <span class='ocrx_word' id='word_1_64' title='bbox 603 1479 654 1538; x_wconf 88' lang='lat' dir='ltr'><strong>es,</strong></span> 
     </span>
    </p>

    <p class='ocr_par' dir='ltr' id='par_1_6' title="bbox 96 1545 736 1712">
     <span class='ocr_line' id='line_1_13' title="bbox 96 1545 736 1624; baseline -0.003 -18"><span class='ocrx_word' id='word_1_65' title='bbox 96 1546 130 1606; x_wconf 77' lang='lat' dir='ltr'><strong>iit</strong></span> <span class='ocrx_word' id='word_1_66' title='bbox 142 1553 205 1607; x_wconf 88' lang='lat' dir='ltr'><strong>tres</strong></span> <span class='ocrx_word' id='word_1_67' title='bbox 220 1550 294 1606; x_wconf 83' lang='lat' dir='ltr'><strong>suut</strong></span> <span class='ocrx_word' id='word_1_68' title='bbox 308 1547 382 1624; x_wconf 91' lang='lat' dir='ltr'><strong>tibi,</strong></span> <span class='ocrx_word' id='word_1_69' title='bbox 404 1546 587 1624; x_wconf 75' lang='lat' dir='ltr'><strong>Maximine,</strong></span> <span class='ocrx_word' id='word_1_70' title='bbox 609 1545 736 1622; x_wconf 83' lang='lat' dir='ltr'><strong>dentes,</strong></span> 
     </span>
     <span class='ocr_line' id='line_1_14' title="bbox 96 1629 599 1712; baseline -0.004 -23"><span class='ocrx_word' id='word_1_71' title='bbox 96 1629 152 1690; x_wconf 89' lang='lat' dir='ltr'><strong>Sed</strong></span> <span class='ocrx_word' id='word_1_72' title='bbox 163 1630 258 1711; x_wconf 90' lang='lat' dir='ltr'><strong>plane</strong></span> <span class='ocrx_word' id='word_1_73' title='bbox 273 1631 419 1712; x_wconf 85' lang='lat' dir='ltr'><strong>piceique</strong></span> <span class='ocrx_word' id='word_1_74' title='bbox 435 1631 599 1709; x_wconf 85' lang='lat' dir='ltr'><strong>bureique.</strong></span> 
     </span>
    </p>

    <p class='ocr_par' dir='ltr' id='par_1_7' title="bbox 66 1713 827 2113">
     <span class='ocr_line' id='line_1_15' title="bbox 97 1713 663 1795; baseline -0.005 -20"><span class='ocrx_word' id='word_1_75' title='bbox 97 1715 189 1791; x_wconf 78' lang='lat' dir='ltr'><strong>Quare</strong></span> <span class='ocrx_word' id='word_1_76' title='bbox 204 1716 232 1775; x_wconf 87' lang='lat' dir='ltr'><strong>si</strong></span> <span class='ocrx_word' id='word_1_77' title='bbox 247 1713 375 1795; x_wconf 90' lang='lat' dir='ltr'><strong>speculo</strong></span> <span class='ocrx_word' id='word_1_78' title='bbox 391 1714 528 1794; x_wconf 88' lang='lat' dir='ltr'><strong>mihique</strong></span> <span class='ocrx_word' id='word_1_79' title='bbox 543 1713 663 1791; x_wconf 82' lang='lat' dir='ltr'><strong>credis,</strong></span> 
     </span>
     <span class='ocr_line' id='line_1_16' title="bbox 95 1797 630 1876; baseline -0.002 -19"><span class='ocrx_word' id='word_1_80' title='bbox 95 1800 187 1860; x_wconf 87' lang='lat' dir='ltr'><strong>Debes</strong></span> <span class='ocrx_word' id='word_1_81' title='bbox 202 1818 267 1859; x_wconf 92' lang='lat' dir='ltr'><strong>non</strong></span> <span class='ocrx_word' id='word_1_82' title='bbox 282 1797 376 1859; x_wconf 87' lang='lat' dir='ltr'><strong>aliter</strong></span> <span class='ocrx_word' id='word_1_83' title='bbox 390 1801 502 1859; x_wconf 88' lang='lat' dir='ltr'><strong>timere</strong></span> <span class='ocrx_word' id='word_1_84' title='bbox 517 1799 630 1876; x_wconf 89' lang='lat' dir='ltr'><strong>risum,</strong></span> 
     </span>
     <span class='ocr_line' id='line_1_17' title="bbox 66 1878 827 1964; baseline -0.003 -21"><span class='ocrx_word' id='word_1_85' title='bbox 66 1883 183 1958; x_wconf 76' lang='lat' dir='ltr'><strong>thuem</strong></span> <span class='ocrx_word' id='word_1_86' title='bbox 197 1890 324 1944; x_wconf 87' lang='lat' dir='ltr'><strong>ventum</strong></span> <span class='ocrx_word' id='word_1_87' title='bbox 340 1883 472 1964; x_wconf 87' lang='lat' dir='ltr'><strong>Spanius</strong></span> <span class='ocrx_word' id='word_1_88' title='bbox 487 1898 670 1960; x_wconf 84' lang='lat' dir='ltr'><strong>manumque</strong></span> <span class='ocrx_word' id='word_1_89' title='bbox 684 1878 827 1958; x_wconf 78' lang='lat' dir='ltr'><strong>Priscus,</strong></span> 
     </span>
     <span class='ocr_line' id='line_1_18' title="bbox 96 1964 731 2043; baseline -0.003 -17"><span class='ocrx_word' id='word_1_90' title='bbox 96 1967 183 2043; x_wconf 78' lang='lat' dir='ltr'><strong>Quam</strong></span> <span class='ocrx_word' id='word_1_91' title='bbox 197 1972 317 2028; x_wconf 83' lang='lat' dir='ltr'><strong>cretata</strong></span> <span class='ocrx_word' id='word_1_92' title='bbox 331 1969 421 2027; x_wconf 90' lang='lat' dir='ltr'><strong>timet</strong></span> <span class='ocrx_word' id='word_1_93' title='bbox 434 1964 565 2027; x_wconf 85' lang='lat' dir='ltr'><strong>Fabulla</strong></span> <span class='ocrx_word' id='word_1_94' title='bbox 578 1966 731 2043; x_wconf 91' lang='lat' dir='ltr'><strong>nimbum,</strong></span> 
     </span>
     <span class='ocr_line' id='line_1_19' title="bbox 96 2048 617 2113; baseline -0.002 -3"><span class='ocrx_word' id='word_1_95' title='bbox 96 2051 253 2113; x_wconf 74' lang='lat' dir='ltr'><strong>Cerussata</strong></span> <span class='ocrx_word' id='word_1_96' title='bbox 268 2052 358 2112; x_wconf 87' lang='lat' dir='ltr'><strong>timet</strong></span> <span class='ocrx_word' id='word_1_97' title='bbox 373 2049 497 2112; x_wconf 85' lang='lat' dir='ltr'><strong>Sabella</strong></span> <span class='ocrx_word' id='word_1_98' title='bbox 511 2048 617 2112; x_wconf 90' lang='lat' dir='ltr'><strong>solem.</strong></span> 
     </span>
    </p>

    <p class='ocr_par' dir='ltr' id='par_1_8' title="bbox 96 2133 841 2220">
     <span class='ocr_line' id='line_1_20' title="bbox 96 2133 841 2220; baseline -0.004 -24"><span class='ocrx_word' id='word_1_99' title='bbox 96 2133 198 2196; x_wconf 84' lang='lat' dir='ltr'><strong>Vultus</strong></span> <span class='ocrx_word' id='word_1_100' title='bbox 214 2134 311 2196; x_wconf 90' lang='lat' dir='ltr'><strong>indue</strong></span> <span class='ocrx_word' id='word_1_101' title='bbox 325 2143 360 2195; x_wconf 89' lang='lat' dir='ltr'><strong>tu</strong></span> <span class='ocrx_word' id='word_1_102' title='bbox 374 2135 470 2214; x_wconf 87' lang='lat' dir='ltr'><strong>magis</strong></span> <span class='ocrx_word' id='word_1_103' title='bbox 484 2153 628 2213; x_wconf 82' lang='lat' dir='ltr'><strong>severos,</strong></span> <span class='ocrx_word' id='word_1_104' title='bbox 836 2209 841 2220; x_wconf 37' lang='lat'><strong>·</strong></span> 
     </span>
    </p>

    <p class='ocr_par' dir='ltr' id='par_1_9' title="bbox 64 2218 762 2364">
     <span class='ocr_line' id='line_1_21' title="bbox 97 2218 762 2297; baseline 0 -19"><span class='ocrx_word' id='word_1_105' title='bbox 97 2219 184 2292; x_wconf 78' lang='lat' dir='ltr'><strong>Quam</strong></span> <span class='ocrx_word' id='word_1_106' title='bbox 201 2220 336 2281; x_wconf 85' lang='lat' dir='ltr'><strong>coniunx</strong></span> <span class='ocrx_word' id='word_1_107' title='bbox 350 2219 467 2281; x_wconf 89' lang='lat' dir='ltr'><strong>Priami</strong></span> <span class='ocrx_word' id='word_1_108' title='bbox 482 2236 640 2297; x_wconf 83' lang='lat' dir='ltr'><strong>nurusque</strong></span> <span class='ocrx_word' id='word_1_109' title='bbox 655 2218 762 2278; x_wconf 78' lang='lat' dir='ltr'><strong>maior.</strong></span> 
     </span>
     <span class='ocr_line' id='line_1_22' title="bbox 64 2297 624 2364; baseline 0 -2"><span class='ocrx_word' id='word_1_110' title='bbox 64 2301 201 2363; x_wconf 75' lang='lat' dir='ltr'><strong>lillimos</strong></span> <span class='ocrx_word' id='word_1_111' title='bbox 216 2302 347 2364; x_wconf 87' lang='lat' dir='ltr'><strong>ridiculi</strong></span> <span class='ocrx_word' id='word_1_112' title='bbox 362 2302 557 2364; x_wconf 83' lang='lat' dir='ltr'><strong>Philistionis</strong></span> <span class='ocrx_word' id='word_1_113' title='bbox 618 2297 624 2308; x_wconf 81' lang='grc'><em>“</em></span> 
     </span>
    </p>

    <p class='ocr_par' dir='ltr' id='par_1_10' title="bbox 95 2387 526 2467">
     <span class='ocr_line' id='line_1_23' title="bbox 95 2387 526 2467; baseline 0.002 -22"><span class='ocrx_word' id='word_1_114' title='bbox 95 2387 132 2445; x_wconf 83' lang='lat' dir='ltr'><strong>llt</strong></span> <span class='ocrx_word' id='word_1_115' title='bbox 144 2389 284 2449; x_wconf 85' lang='lat' dir='ltr'><strong>convivia</strong></span> <span class='ocrx_word' id='word_1_116' title='bbox 297 2389 449 2467; x_wconf 86' lang='lat' dir='ltr'><strong>nequiora</strong></span> <span class='ocrx_word' id='word_1_117' title='bbox 462 2389 526 2446; x_wconf 83' lang='lat' dir='ltr'><strong>vita</strong></span> 
     </span>
    </p>

    <p class='ocr_par' dir='ltr' id='par_1_11' title="bbox 95 2469 619 2552">
     <span class='ocr_line' id='line_1_24' title="bbox 95 2469 619 2552; baseline -0.002 -23"><span class='ocrx_word' id='word_1_118' title='bbox 95 2470 131 2530; x_wconf 83' lang='lat' dir='ltr'><strong>Ilt</strong></span> <span class='ocrx_word' id='word_1_119' title='bbox 144 2469 297 2551; x_wconf 84' lang='lat' dir='ltr'><strong>quidquid</strong></span> <span class='ocrx_word' id='word_1_120' title='bbox 310 2470 415 2552; x_wconf 89' lang='lat' dir='ltr'><strong>lepida</strong></span> <span class='ocrx_word' id='word_1_121' title='bbox 428 2471 619 2552; x_wconf 85' lang='lat' dir='ltr'><strong>procacitate</strong></span> 
     </span>
    </p>

    <p class='ocr_par' dir='ltr' id='par_1_12' title="bbox 96 2554 586 2637">
     <span class='ocr_line' id='line_1_25' title="bbox 96 2554 586 2637; baseline 0.004 -25"><span class='ocrx_word' id='word_1_122' title='bbox 96 2554 185 2615; x_wconf 84' lang='lat' dir='ltr'><strong>Laxat</strong></span> <span class='ocrx_word' id='word_1_123' title='bbox 197 2557 366 2637; x_wconf 84' lang='lat' dir='ltr'><strong>perspicuo</strong></span> <span class='ocrx_word' id='word_1_124' title='bbox 381 2554 497 2617; x_wconf 85' lang='lat' dir='ltr'><strong>labella</strong></span> <span class='ocrx_word' id='word_1_125' title='bbox 511 2555 586 2614; x_wconf 82' lang='lat' dir='ltr'><strong>risu.</strong></span> 
     </span>
    </p>

    <p class='ocr_par' dir='ltr' id='par_1_13' title="bbox 62 2635 673 2804">
     <span class='ocr_line' id='line_1_26' title="bbox 96 2635 658 2700; baseline -0.005 -3"><span class='ocrx_word' id='word_1_126' title='bbox 96 2637 139 2697; x_wconf 83' lang='lat' dir='ltr'><strong>Te</strong></span> <span class='ocrx_word' id='word_1_127' title='bbox 153 2646 291 2700; x_wconf 87' lang='lat' dir='ltr'><strong>maestae</strong></span> <span class='ocrx_word' id='word_1_128' title='bbox 305 2638 398 2700; x_wconf 88' lang='lat' dir='ltr'><strong>decet</strong></span> <span class='ocrx_word' id='word_1_129' title='bbox 413 2638 551 2700; x_wconf 85' lang='lat' dir='ltr'><strong>assidere</strong></span> <span class='ocrx_word' id='word_1_130' title='bbox 565 2635 658 2698; x_wconf 90' lang='lat' dir='ltr'><strong>matri</strong></span> 
     </span>
     <span class='ocr_line' id='line_1_27' title="bbox 62 2722 673 2804; baseline -0.003 -23"><span class='ocrx_word' id='word_1_131' title='bbox 62 2722 261 2802; x_wconf 76' lang='lat' dir='ltr'><strong>ioLugentive</strong></span> <span class='ocrx_word' id='word_1_132' title='bbox 276 2724 375 2784; x_wconf 72' lang='lat' dir='ltr'><strong>cirum</strong></span> <span class='ocrx_word' id='word_1_133' title='bbox 389 2725 510 2804; x_wconf 87' lang='lat' dir='ltr'><strong>piumve</strong></span> <span class='ocrx_word' id='word_1_134' title='bbox 525 2723 673 2797; x_wconf 82' lang='lat' dir='ltr'><strong>fratrem,</strong></span> 
     </span>
    </p>

    <p class='ocr_par' dir='ltr' id='par_1_14' title="bbox 96 2804 658 2887">
     <span class='ocr_line' id='line_1_28' title="bbox 96 2804 658 2887; baseline -0.004 -22"><span class='ocrx_word' id='word_1_135' title='bbox 96 2805 134 2865; x_wconf 82' lang='lat' dir='ltr'><strong>lit</strong></span> <span class='ocrx_word' id='word_1_136' title='bbox 146 2813 268 2869; x_wconf 88' lang='lat' dir='ltr'><strong>tontum</strong></span> <span class='ocrx_word' id='word_1_137' title='bbox 283 2809 409 2887; x_wconf 83' lang='lat' dir='ltr'><strong>tragicis</strong></span> <span class='ocrx_word' id='word_1_138' title='bbox 424 2825 533 2868; x_wconf 88' lang='lat' dir='ltr'><strong>vacare</strong></span> <span class='ocrx_word' id='word_1_139' title='bbox 548 2804 658 2867; x_wconf 83' lang='lat' dir='ltr'><strong>Musis.</strong></span> 
     </span>
    </p>

    <p class='ocr_par' dir='ltr' id='par_1_15' title="bbox 95 2890 620 2953">
     <span class='ocr_line' id='line_1_29' title="bbox 95 2890 620 2953; baseline 0.004 -5"><span class='ocrx_word' id='word_1_140' title='bbox 95 2890 132 2949; x_wconf 82' lang='lat' dir='ltr'><strong>At</strong></span> <span class='ocrx_word' id='word_1_141' title='bbox 145 2897 178 2952; x_wconf 92' lang='lat' dir='ltr'><strong>tu</strong></span> <span class='ocrx_word' id='word_1_142' title='bbox 192 2890 345 2952; x_wconf 89' lang='lat' dir='ltr'><strong>iudicium</strong></span> <span class='ocrx_word' id='word_1_143' title='bbox 359 2897 465 2953; x_wconf 87' lang='lat' dir='ltr'><strong>secuta</strong></span> <span class='ocrx_word' id='word_1_144' title='bbox 479 2896 620 2951; x_wconf 87' lang='lat' dir='ltr'><strong>nostrum</strong></span> 
     </span>
    </p>

    <p class='ocr_par' dir='ltr' id='par_1_16' title="bbox 95 2972 660 3057">
     <span class='ocr_line' id='line_1_30' title="bbox 95 2972 660 3057; baseline -0.004 -25"><span class='ocrx_word' id='word_1_145' title='bbox 95 2972 200 3054; x_wconf 88' lang='lat' dir='ltr'><strong>Plora,</strong></span> <span class='ocrx_word' id='word_1_146' title='bbox 225 2976 366 3056; x_wconf 79' lang='lat' dir='ltr'><strong>sinapis,</strong></span> <span class='ocrx_word' id='word_1_147' title='bbox 388 2973 539 3057; x_wconf 89' lang='lat' dir='ltr'><strong>opuella,</strong></span> <span class='ocrx_word' id='word_1_148' title='bbox 561 2973 660 3056; x_wconf 91' lang='lat' dir='ltr'><strong>plora.</strong></span> 
     </span>
    </p>
   </div>
   <div class='ocr_carea' id='block_1_5' title="bbox 486 3108 577 3170">
    <p class='ocr_par' dir='ltr' id='par_1_17' title="bbox 486 3108 577 3170">
     <span class='ocr_line' id='line_1_31' title="bbox 486 3108 577 3170; baseline 0 0"><span class='ocrx_word' id='word_1_149' title='bbox 486 3108 577 3170; x_wconf 89' lang='lat' dir='ltr'>XLII.</span> 
     </span>
    </p>
   </div>
   <div class='ocr_carea' id='block_1_6' title="bbox 96 3215 832 3385">
    <p class='ocr_par' dir='ltr' id='par_1_18' title="bbox 96 3215 832 3385">
     <span class='ocr_line' id='line_1_32' title="bbox 96 3215 832 3300; baseline -0.001 -22"><span class='ocrx_word' id='word_1_150' title='bbox 96 3218 197 3300; x_wconf 86' lang='lat' dir='ltr'><strong>Zoile,</strong></span> <span class='ocrx_word' id='word_1_151' title='bbox 217 3219 294 3300; x_wconf 86' lang='lat' dir='ltr'><strong>quid</strong></span> <span class='ocrx_word' id='word_1_152' title='bbox 308 3219 420 3281; x_wconf 90' lang='lat' dir='ltr'><strong>solium</strong></span> <span class='ocrx_word' id='word_1_153' title='bbox 435 3219 559 3280; x_wconf 82' lang='lat' dir='ltr'><strong>subluto</strong></span> <span class='ocrx_word' id='word_1_154' title='bbox 574 3218 687 3300; x_wconf 88' lang='lat' dir='ltr'><strong>podice</strong></span> <span class='ocrx_word' id='word_1_155' title='bbox 701 3215 832 3299; x_wconf 76' lang='lat' dir='ltr'><strong>perdici</strong></span> 
     </span>
     <span class='ocr_line' id='line_1_33' title="bbox 132 3304 790 3385; baseline -0.002 -22"><span class='ocrx_word' id='word_1_156' title='bbox 132 3304 283 3385; x_wconf 86' lang='lat' dir='ltr'><strong>Spurcius</strong></span> <span class='ocrx_word' id='word_1_157' title='bbox 298 3310 334 3366; x_wconf 86' lang='lat' dir='ltr'><strong>ut</strong></span> <span class='ocrx_word' id='word_1_158' title='bbox 347 3307 417 3384; x_wconf 85' lang='lat' dir='ltr'><strong>fiat,</strong></span> <span class='ocrx_word' id='word_1_159' title='bbox 439 3305 546 3383; x_wconf 86' lang='lat' dir='ltr'><strong>Zoile,</strong></span> <span class='ocrx_word' id='word_1_160' title='bbox 569 3323 675 3383; x_wconf 87' lang='lat' dir='ltr'><strong>merge</strong></span> <span class='ocrx_word' id='word_1_161' title='bbox 691 3308 790 3384; x_wconf 87' lang='lat' dir='ltr'><strong>caput.</strong></span> 
     </span>
    </p>
   </div>
   <div class='ocr_carea' id='block_1_7' title="bbox 484 3438 589 3500">
    <p class='ocr_par' dir='ltr' id='par_1_19' title="bbox 484 3438 589 3500">
     <span class='ocr_line' id='line_1_34' title="bbox 484 3438 589 3500; baseline -0.048 0"><span class='ocrx_word' id='word_1_162' title='bbox 484 3438 589 3500; x_wconf 88' lang='lat' dir='ltr'>XLIII.</span> 
     </span>
    </p>
   </div>
   <div class='ocr_carea' id='block_1_8' title="bbox 97 3537 1053 3630">
    <p class='ocr_par' dir='ltr' id='par_1_20' title="bbox 97 3537 1053 3630">
     <span class='ocr_line' id='line_1_35' title="bbox 97 3537 1053 3630; baseline -0.002 -22"><span class='ocrx_word' id='word_1_163' title='bbox 97 3542 198 3611; x_wconf 77' lang='grc' dir='ltr'>Κοινὰ</span> <span class='ocrx_word' id='word_1_164' title='bbox 211 3551 321 3628; x_wconf 72' lang='grc' dir='ltr'><strong><em>φίλων</em></strong></span> <span class='ocrx_word' id='word_1_165' title='bbox 332 3551 409 3611; x_wconf 90' lang='lat' dir='ltr'><strong>haec</strong></span> <span class='ocrx_word' id='word_1_166' title='bbox 420 3557 501 3630; x_wconf 89' lang='lat' dir='ltr'><strong>sunt,</strong></span> <span class='ocrx_word' id='word_1_167' title='bbox 521 3551 599 3611; x_wconf 89' lang='lat' dir='ltr'><strong>haec</strong></span> <span class='ocrx_word' id='word_1_168' title='bbox 610 3557 683 3611; x_wconf 89' lang='lat' dir='ltr'><strong>sunt</strong></span> <span class='ocrx_word' id='word_1_169' title='bbox 698 3558 760 3630; x_wconf 88' lang='lat' dir='ltr'><strong>tua,</strong></span> <span class='ocrx_word' id='word_1_170' title='bbox 776 3547 928 3626; x_wconf 79' lang='lat' dir='ltr'><strong>candide,</strong></span> <span class='ocrx_word' id='word_1_171' title='bbox 942 3537 1053 3624; x_wconf 76' lang='grc' dir='ltr'>κοινοί,</span> 
     </span>
    </p>
   </div>
   <div class='ocr_carea' id='block_1_9' title="bbox 68 3634 846 3779">
    <p class='ocr_par' dir='ltr' id='par_1_21' title="bbox 68 3634 846 3779">
     <span class='ocr_line' id='line_1_36' title="bbox 68 3634 846 3773; baseline -0.003 -78"><span class='ocrx_word' id='word_1_172' title='bbox 68 3711 92 3772; x_wconf 75' lang='grc' dir='ltr'><strong>Μ</strong></span> <span class='ocrx_word' id='word_1_173' title='bbox 133 3634 220 3712; x_wconf 79' lang='lat' dir='ltr'><strong>Quae</strong></span> <span class='ocrx_word' id='word_1_174' title='bbox 236 3643 267 3697; x_wconf 89' lang='lat' dir='ltr'><strong>to</strong></span> <span class='ocrx_word' id='word_1_175' title='bbox 284 3634 474 3716; x_wconf 86' lang='lat' dir='ltr'><strong>magnilocus</strong></span> <span class='ocrx_word' id='word_1_176' title='bbox 489 3634 711 3716; x_wconf 21' lang='lat' dir='ltr'><strong>nocte-dieque</strong></span> <span class='ocrx_word' id='word_1_177' title='bbox 726 3653 846 3773; x_wconf 77' lang='lat' dir='ltr'><strong>sonas:4</strong></span> 
     </span>
     <span class='ocr_line' id='line_1_37' title="bbox 93 3734 156 3779; baseline 0.079 -5"><span class='ocrx_word' id='word_1_178' title='bbox 93 3734 156 3779; x_wconf 85' lang='grc' dir='ltr'>ιιι.</span> 
     </span>
    </p>
   </div>
   <div class='ocr_carea' id='block_1_10' title="bbox 0 0 1226 4209">
    <p class='ocr_par' dir='ltr' id='par_1_22' title="bbox 0 0 1226 4209">
     <span class='ocr_line' id='line_1_38' title="bbox 0 0 1226 4209; baseline 0 0"><span class='ocrx_word' id='word_1_179' title='bbox 0 0 1226 4209; x_wconf 95' lang='lat' dir='ltr'><strong> </strong></span> 
     </span>
    </p>
   </div>
  </div>
 </body>
</html>
