2442 4209
302 379 643 442 EPIGRAMMA'I'ON
655 379 731 441 Llll.
748 380 769 442 l.
1017 377 1057 440 15

113 535 182 594 Bis
173 553 230 592 ram
247 551 348 613 paene
366 531 424 592 titi
439 529 546 592 consul
562 533 738 591 tricesimus
752 533 862 610 instat,

146 619 184 678 Et
200 624 342 676 numerat
356 635 470 696 paucos
484 617 533 675 vix
548 622 599 690 tua
614 616 676 674 vita
690 615 766 676 dies.

94 703 170 765 5Non
186 705 264 762 bene
280 699 440 760 distuleris
456 700 560 759 videas
577 699 660 778 quod
674 718 766 780 posse
779 701 929 778 negari,.

22 841 23 844 ,
145 787 295 847 Etsolum
311 787 370 844 hoc
388 784 496 862 ducas,
519 785 602 863 ‹puod
617 784 695 861 fuit,
718 791 896 847 cssetuum

110 873 273 951 Expectant
288 887 443 948 curaeque
457 870 654 947 catenatique
668 868 810 945 labores,

147 954 261 1015 Gaudia
277 973 340 1014 non
355 959 534 1030 remanent,
558 952 615 1012 sed
629 953 758 1031 lugitIva
771 952 884 1012 volunt.

22 1033 23 1082 Ῐ
109 1041 185 1099 Haec
199 1046 332 1118 utraque
347 1057 437 1098 manu
453 1034 677 1117 complexuque
691 1056 796 1098 assere
811 1044 895 1097 toto:

22 1179 23 1182 ,
79 1134 103 1186 It
143 1124 239 1203 Saepe
253 1125 354 1184 fluent
366 1124 426 1182 imo
443 1124 486 1182 slc
503 1140 625 1200 qnoque
639 1121 726 1202 lapsa
739 1125 817 1181 siun.

108 1209 168 1268 Non
185 1216 250 1286 est,
274 1208 476 1284 medemini,
499 1206 648 1286 sapientis
664 1205 771 1266 dicere
785 1205 951 1283 „Vivnm:“

144 1292 217 1353 Sero
233 1294 324 1352 nlmis
336 1293 400 1352 vita
415 1297 464 1350 est
478 1292 626 1350 crastiua:
647 1293 714 1350 vive
728 1290 832 1354 hodie.

497 1425 577 1490 XVI.

108 1539 178 1599 Sunt
191 1542 290 1618 bona,
312 1547 384 1600 sunt
400 1540 548 1620 quaedem
563 1541 747 1617 mediocria,
771 1549 842 1600 sunt
856 1538 936 1600 mala
947 1537 1036 1620 plura

143 1625 225 1700 Quae
241 1624 321 1702 legis
335 1625 402 1684 hic:
426 1624 659 1703 alternantis,
681 1625 788 1702 licite,
807 1623 898 1687 liber.

486 1759 579 1820 XVII.

22 1859 23 1878 l
106 1871 188 1950 Cogit
203 1890 253 1930 me
271 1871 362 1932 'I'ilns
377 1875 507 1933 actitare
523 1892 627 1932 causas

105 1956 141 2016 nt
154 1955 231 2016 dicit
246 1957 322 2016 mihi
340 1975 433 2036 saepe
447 1958 584 2035 „Magna
597 1975 649 2015 res
665 1957 746 2016 est.“

22 2065 23 2072 ¹
105 2040 160 2100 lies
175 2059 287 2118 magno
301 2048 366 2120 est,
386 2043 476 2120 'I'ite5
498 2061 587 2121 quam
603 2042 679 2101 facit
693 2039 830 2105 colonus.

485 2155 591 2217 XVIII

22 2259 23 2262 ’
109 2252 186 2328 Quid
201 2260 252 2331 te,
275 2253 395 2332 Tucca,
417 2255 499 2314 iuvat
511 2254 615 2315 vetulo
629 2257 761 2314 mIscere
772 2251 906 2312 Falerno

141 2337 174 2396 In
190 2338 352 2400 Vaticanis
368 2337 491 2398 condita
505 2346 604 2398 musta
619 2338 727 2398 cadis?

107 2421 182 2499 Quid
194 2428 315 2482 tantum
331 2421 438 2482 fecere
452 2423 526 2482 boni
541 2423 598 2482 tibl
614 2423 747 2524 pessima
761 2422 853 2481 vina?

142 2507 204 2566 Aut
222 2505 298 2586 quid
311 2506 456 2568 fecerunt
471 2508 585 2587 optima
599 2509 669 2567 vina
682 2505 777 2566 mulii

22 2627 23 2668 ι
88 2590 147 2650 ene
163 2592 254 2650 nobis
270 2590 362 2650 facile
378 2595 443 2669 est,
466 2590 565 2652 scelus
582 2599 630 2650 est
643 2589 783 2670 iugulare
796 2588 963 2651 Falernum

142 2675 182 2736 Ει
200 2674 276 2734 dare
293 2676 447 2755 Campano
464 2678 564 2735 toxica
579 2695 669 2736 saeva
683 2675 767 2736 cado

106 2761 255 2820 Gouriane
270 2778 414 2819 meruere
430 2761 475 2819 tui
489 2761 622 2822 fortasse
636 2763 784 2840 perire.

22 2809 24 2894 l
143 2845 304 2924 Amphora
321 2864 382 2903 non
397 2846 511 2904 meruit
524 2850 586 2918 tum
603 2847 741 2927 pretiosa
758 2846 845 2905 mori.

22 2909 24 2984 l

22 3009 23 3066 ι
503 2981 582 3043 xlx.

22 3125 23 3168 ι
108 3091 138 3152 Si
152 3095 298 3171 memini,
321 3093 446 3154 fuerant
460 3095 517 3153 tibi
533 3100 695 3174 quattuor,
717 3092 823 3171 Aelia,
845 3091 971 3153 dentes:

22 3171 24 3194 '
143 3178 273 3257 ExpnIIt
287 3197 346 3237 una
363 3176 439 3238 duos
454 3180 546 3238 tussis
561 3186 594 3238 et
608 3199 669 3238 una
684 3177 769 3238 duos.

22 3289 23 3314 ι
106 3261 164 3322 lam
179 3280 290 3322 secura
302 3268 393 3342 potes
408 3264 481 3323 totis
496 3264 610 3324 tussire
626 3262 751 3323 diebus.

145 3344 198 3407 Nil
211 3349 283 3408 istic
300 3345 383 3426 quod
398 3356 534 3523 agatX
478 3350 573 3408 tertia
587 3350 680 3408 tussis
695 3347 798 3407 habet.

22 3445 24 3498 l

22 3532 24 3610 l
107 3559 160 3620 Dic
175 3562 269 3640 milri,
290 3563 359 3640 ans
373 3561 461 3622 furor
476 3563 546 3622 est?
565 3509 659 3622 turba
673 3539 833 3643 spectante
846 3564 952 3620 uocata

147 3644 240 3706 Solus
255 3643 396 3725 boletos,
419 3645 611 3725 (lecelinae,
634 3667 732 3707 voras
