2442 4209
176 332 241 397 256
505 334 550 395 M.
566 331 658 395 VAL.
675 330 902 393 maurinus

677 534 725 594 m.
758 605 768 625 ⁸

260 648 332 709 Non
346 648 463 708 urbana
475 665 544 707 mea
559 652 678 707 tantum
693 645 869 727 Pimpleide
884 646 1019 727 gaudent

306 732 394 811 Otia,
416 750 475 791 nec
490 732 594 791 vacuis
609 732 733 792 auribus
745 734 808 793 ista
823 730 948 811 damus,

266 815 330 877 Sed
346 835 432 877 meus
446 817 479 876 in
496 816 616 879 Geticis
630 814 670 875 ad
684 815 801 876 Martia
813 818 902 894 signa
920 816 1040 895 pruinis

306 902 334 961 A
348 900 448 979 rigido
466 902 580 960 teritur
594 901 779 959 centurione
792 898 893 977 liber,

213 986 217 993 ’
243 984 387 1048 trDicitur
404 991 436 1045 et
450 991 574 1044 nostros
592 991 718 1043 cantare
732 985 892 1044 Britannia
907 1002 1023 1043 versus.

308 1068 390 1145 Quid
404 1066 556 1149 prodest?
584 1066 694 1127 Nescit
707 1067 846 1128 sacculus
861 1070 922 1128 iata
935 1086 1031 1129 meus.

263 1153 306 1212 nt
322 1173 411 1233 quarn
425 1154 560 1212 victuras
573 1159 752 1231 poteramus
767 1170 906 1231 pangere
921 1152 1041 1211 chartas

308 1238 488 1315 Quantaque
503 1236 607 1295 Pieria
621 1234 741 1316 praelia
755 1237 832 1296 flare
849 1238 941 1314 tuba,

264 1320 342 1381 Gurn
357 1323 409 1400 pia
422 1318 620 1379 reddiderint
631 1320 803 1399 Augustum
816 1321 942 1380 numina
955 1320 1063 1396 terris,

222 1415 257 1468 10
304 1406 345 1465 ut
359 1404 577 1465 Maecenatem
589 1403 615 1461 si
630 1406 840 1483 tibi‚›Roma‚
862 1404 990 1464 darent!

680 1539 732 1604 IV.

269 1651 363 1711 Sacra
377 1648 524 1728 laresque
537 1650 710 1728 Phrygum,
732 1670 809 1729 quos
825 1650 943 1711 Troiae
957 1650 1061 1712 maluit
1073 1652 1148 1710 heres

306 1735 402 1811 Quam
417 1751 529 1813 rapere
544 1753 666 1793 arsuras
681 1733 902 1795 Laomedontis
918 1755 1009 1816 opes,

265 1820 405 1899 Scriptus
421 1824 454 1877 et
468 1824 596 1877 aeterno
611 1837 693 1877 nuuc
706 1820 839 1898 primum
852 1819 992 1899 iuppiter
1009 1838 1078 1879 auro

306 1904 349 1964 ut
362 1915 452 1963 'soror
466 1908 499 1961 et
511 1904 620 1961 summi
635 1900 698 1961 filia
713 1908 779 1961 tota
791 1904 906 1982 patris,

242 1988 309 2050 sut
322 1989 375 2067 qui
388 1986 553 2088 purpureis
567 1986 627 2045 iam
641 1986 735 2046 tertia
748 1988 872 2046 nomina
889 1986 994 2062 fastis,

307 2071 397 2148 lane,
419 2070 521 2130 refers
534 2069 672 2145 Nervae3
693 2089 747 2129 uos
760 2088 875 2150 precor
890 2090 945 2131 ore
959 2074 1025 2153 pio:

264 2155 355 2215 Hunc
371 2173 477 2214 omnes
492 2160 613 2213 servate
629 2153 754 2231 ducem,
775 2161 897 2215 servate
913 2164 1063 2229 senatum

309 2239 451 2299 Moribus
465 2239 517 2297 iric
531 2239 613 2298 vivat
627 2237 794 2318 principis,
815 2236 872 2298 ille
887 2242 960 2303 suis.

682 2373 727 2435 Ἄ.

265 2486 364 2545 'l'anta
381 2486 438 2544 tibi
455 2492 504 2545 est
518 2487 598 2545 recti
613 2488 807 2561 reverentia,
829 2488 958 2563 Caesar,
981 2495 1014 2547 et
1027 2485 1127 2565 aequi,

307 2571 426 2646 Quanta
441 2570 558 2629 Numae
573 2569 692 2630 fuerat:
714 2569 771 2631 sed
784 2571 881 2631 Numa
893 2590 1012 2651 pauper
1027 2578 1097 2630 erat.

264 2653 370 2714 Ardua
384 2671 436 2713 res
450 2653 527 2713 haec
542 2659 606 2731 est,
629 2657 739 2736 opibus
753 2674 815 2714 non
829 2655 955 2715 tradere
969 2673 1069 2715 mores

306 2740 347 2798 lit
362 2758 429 2797 cum
444 2743 492 2797 tot
506 2738 641 2799 Croesos
656 2740 784 2817 viceris,
806 2758 875 2799 esse
889 2739 1026 2801 Numam.

243 2823 301 2887 osi
316 2821 446 2881 redeant
459 2827 600 2899 veteres,
621 2818 760 2901 ingentia
774 2825 912 2903 nomina,
934 2831 1058 2905 patres,

307 2905 446 2985 Elysium
463 2904 558 2967 liceat
573 2909 600 2966 si
613 2926 743 2981 vacuare
757 2926 878 2967 nemus:

266 2990 315 3051 'l'e
330 2988 414 3050 colet
427 2991 558 3050 invictus
572 3011 630 3071 pro
646 2990 792 3052 libertate
809 2990 973 3069 camillus,

309 3077 426 3134 Aurum
439 3074 620 3150 Fabricius,
642 3082 675 3133 te
690 3078 867 3153 tribuente,
887 3076 988 3151 volet;

268 3160 316 3219 'l'c
333 3158 410 3218 duce
426 3157 572 3237 gaudebit
586 3159 716 3239 Brutus,
734 3162 791 3220 tihi
807 3158 893 3220 Sulla
907 3166 1053 3220 cruentus

224 3256 258 3307 10
307 3244 469 3323 Imperium
486 3242 606 3320 tradet,
630 3263 696 3303 eum
713 3246 869 3324 positurus
885 3246 963 3321 erit3

264 3328 307 3389 Et
320 3335 351 3387 te
365 3330 484 3406 privato
501 3348 568 3387 cum
584 3328 717 3388 Caesare
733 3330 864 3407 Magnus
879 3331 1007 3407 amabit,

308 3411 441 3471 Donabit
455 3418 535 3471 totas
551 3419 584 3472 et
597 3412 655 3472 tibi
671 3412 799 3473 Crassus
816 3432 900 3492 opes.

267 3498 338 3576 ipse
356 3514 478 3574 quoque
494 3497 627 3557 infernis
642 3503 803 3557 revocatus
820 3498 899 3558 Ditis
915 3499 952 3558 ab
970 3497 1083 3558 umbris

251 3580 255 3587 '
309 3580 341 3639 Si
357 3578 434 3638 Cato
449 3576 614 3658 reddatur,
637 3581 838 3641 Caesarianus
854 3582 925 3642 erit.
