2442 4209
467 294 513 361 Μ.
527 295 622 360 vat.
636 294 866 356 MARTIALIS

227 613 376 677 centenis
393 608 476 690 quud
490 613 567 672 emis
581 629 697 692 pueros
712 616 746 671 et
761 628 855 691 saepe
871 609 1016 691 ducenis,

269 695 360 774 Quod
374 695 430 756 sub
445 713 520 774 rege
536 696 633 756 Numa
647 695 773 755 condita
786 695 856 754 vina
870 695 970 772 bibis,

226 780 316 858 Quod
332 785 452 840 cunstat
468 779 595 840 deciens
609 780 668 840 tibi
683 798 745 839 nou
759 780 896 862 spatiosa
910 777 1066 858 supellex,

268 865 362 926 Libra
377 862 460 943 quud
474 865 594 942 argenti
608 862 694 923 milia
709 864 846 942 quinque
860 863 960 943 rapit,

206 952 333 1013 5Aurea
352 947 435 1027 quud
448 947 536 1008 fundi
553 950 657 1029 pretio
672 952 959 1026 carrucandum,

269 1030 361 1109 Quod
373 1030 473 1113 pluria
487 1031 567 1092 mula
585 1037 650 1108 est,
674 1051 766 1111 quam
781 1031 889 1092 dumus
904 1036 1010 1110 empta
1021 1030 1094 1090 tibi:

229 1119 315 1178 Haec
331 1118 430 1176 auimo
446 1135 553 1194 magno
569 1115 673 1176 credis
690 1122 739 1194 te,
759 1117 890 1193 Qumis,
911 1114 1048 1194 parare?

269 1200 417 1262 Falleria=
439 1200 518 1260 haec
533 1201 667 1276 animus,
687 1201 818 1278 Quium,
839 1197 974 1280 pusillus
990 1199 1084 1258 emit.

611 1334 716 1395 LXIII.

229 1448 347 1525 (imile,
368 1447 576 1510 bellushomo
592 1468 644 1510 es:
664 1447 861 1528 dicuuthoc‚
884 1448 1006 1526 (imile,
1029 1445 1123 1507 multi.
1197 1456 1198 1459 ’

269 1531 386 1592 Audio:
407 1532 464 1594 scd
477 1532 551 1612 quid
567 1534 624 1612 sit,
646 1532 697 1594 dic
710 1534 800 1609 mihi,
822 1531 926 1594 bellus
941 1533 1059 1593 namot

229 1615 356 1695 „Bellus
371 1617 462 1678 homa
480 1620 543 1696 cst,
565 1619 662 1678 flexos
679 1619 732 1696 qui
747 1616 864 1695 digerit
879 1617 991 1678 ordine
1008 1618 1125 1693 crines,

270 1698 410 1762 Balsama
425 1703 477 1783 qni
492 1720 632 1781 semper,
653 1703 793 1762 cinnama
806 1719 931 1782 semper
946 1701 1029 1776 clet3

207 1784 361 1848 acrama
375 1789 428 1867 qui
440 1785 521 1865 Nili,
543 1788 595 1864 qui
610 1785 763 1847 Gaditana
776 1793 931 1864 susurrat,

272 1872 330 1946 Qui
348 1875 449 1931 moret
463 1872 496 1930 in
510 1872 610 1932 varios
625 1871 750 1931 brachia
763 1867 850 1931 volsa
860 1871 987 1945 modom

230 1955 315 2014 Inter
332 1954 482 2015 femineas
498 1962 563 2016 tota
578 1957 631 2035 qui
645 1953 717 2014 luce
732 1954 897 2016 cathedras

96 2079 115 2112 ,
271 2037 403 2098 Deridet
417 2046 510 2116 atquc
525 2038 627 2118 aliqua
641 2040 812 2119 semperin
827 2058 902 2100 aure
917 2045 1023 2116 sonat,

233 2123 292 2196 Qui
305 2119 385 2201 legit
398 2124 471 2182 hinc
485 2121 572 2182 illluc
587 2123 695 2182 missas
709 2123 881 2202 scribitque
896 2121 1048 2200 tabellas,

107 2205 111 2212 ’
188 2215 222 2266 10
271 2203 370 2265 Pallia
383 2206 477 2266 vicini
492 2208 544 2285 qui
560 2207 677 2285 refugii
689 2207 803 2281 cubitu

230 2289 290 2364 Qui
304 2290 379 2367 scit,
399 2309 489 2369 quam
506 2292 572 2367 quia
587 2297 684 2368 amet,
705 2292 758 2370 qui
771 2309 831 2371 per
843 2291 981 2351 convivis
995 2291 1114 2367 currit,

272 2372 398 2454 Hirpini
411 2381 536 2434 veteres
551 2376 603 2455 qui
620 2377 700 2434 bene
718 2377 805 2436 novit
819 2375 924 2435 avos.“

230 2456 312 2532 Quid
326 2459 455 2519 narras?
471 2460 530 2519 hoc
545 2466 608 2535 est,
630 2459 690 2519 hoc
705 2466 755 2519 est
769 2460 878 2538 homo,
901 2458 1022 2538 Cutile,
1044 2456 1164 2521 bellust

271 2540 334 2603 Res
348 2545 521 2625 pertricosa
535 2550 600 2620 est,
623 2540 742 2622 (imile,
763 2541 867 2605 bellna
883 2545 986 2606 home.

611 2679 718 2742 LXIV,

230 2787 357 2848 Sirenas
371 2787 500 2849 hilarem
515 2791 720 2868 navigantium
736 2811 868 2871 poenam

153 2923 156 2926 .
202 2941 205 2948 ,
229 2870 424 2953 Blandasque
438 2878 555 2933 mortes
570 2873 774 2957 gaudiumque
790 2875 937 2954 crudele,

229 2957 312 3032 Quas
326 2975 416 3017 nemo
433 2956 583 3036 quondam
599 2956 766 3021 deserebat
781 2960 916 3040 tudima,

228 3039 335 3102 Fallax
348 3041 455 3103 lllixes
475 3041 587 3102 dicitur
600 3039 777 3122 reliquisse.
930 3050 933 3056 '

205 3124 297 3185 5Ncu
312 3126 424 3185 miror:
446 3125 542 3204 illud,
563 3127 725 3206 cassiane,
748 3131 895 3210 mirarer,

230 3208 262 3269 Si
277 3207 467 3270 fabulantem
484 3209 611 3271 (lanium
626 3209 818 3291 reliquisset.

618 3345 712 3408 LXV.

230 3455 319 3535 Quod
336 3457 434 3537 spirat
447 3462 556 3518 tenera
570 3458 681 3520 malum
695 3458 860 3521 mordente
874 3457 993 3542 puella,

272 3539 361 3619 Quod
377 3539 416 3600 de
431 3541 564 3620 Corycio
579 3562 658 3622 quse
674 3545 760 3605 veuit
775 3564 849 3605 aura
863 3565 973 3636 eruc03
1075 3553 1078 3557 ’
