2442 4209
284 372 622 435 nrloltAMMA'ron
636 373 711 437 Llli.
729 374 793 437 Vll.

492 576 586 638 XCV.

120 693 221 752 broma
234 696 284 751 est
297 694 330 750 et
343 689 426 768 riget
439 687 585 749 horridus
602 689 791 770 December,

119 773 213 836 Audes
224 781 258 835 tu
272 780 375 835 tamen
391 770 498 833 osculo
513 770 607 833 nivali

120 859 222 919 Omnes
237 860 343 918 obvius
356 857 429 917 hinc
446 862 479 917 et
492 856 564 916 hinc
578 864 706 935 tenere,

120 943 154 1003 lit
166 949 275 1020 totam,
297 942 392 1019 Line,
414 941 535 1001 basiare
549 940 685 1004 Romam.

103 1024 190 1103 bQuid
202 1028 302 1106 possis
320 1026 501 1105 graviusque
515 1026 696 1106 saeviusque

119 1110 274 1171 Percussus
288 1110 393 1171 iacere
408 1115 500 1189 atque
515 1111 718 1169 verberatus?

120 1195 179 1256 lloc
192 1212 240 1254 me
255 1194 375 1273 frigore
388 1194 489 1253 basiet
502 1210 561 1253 nec
575 1212 665 1266 uror,

119 1276 230 1339 blandis
245 1276 309 1337 iilia
324 1296 383 1338 nec
396 1275 483 1337 rudis
500 1274 633 1337 labellis.

119 1360 172 1422 Sed
187 1367 220 1423 tu
235 1361 355 1423 dulcior
370 1358 621 1440 elegantiusque,

88 1446 200 1509 loculus
213 1445 308 1507 livida
322 1446 446 1505 naribus
462 1444 580 1505 caninis

119 1530 269 1609 Dependet
283 1527 397 1609 glacies
410 1530 556 1609 rigetque
570 1530 681 1606 barba,

119 1612 234 1688 Qualem
248 1614 409 1675 forficibus
425 1614 514 1673 metit
529 1613 647 1692 supinis

119 1695 228 1757 Tonsor
242 1697 395 1779 Cinyphio
410 1694 493 1758 Cilix
505 1698 626 1757 marito.

118 1780 237 1841 centum
251 1799 418 1842 occurrere
433 1778 511 1842 malo
528 1779 729 1861 cunnilingis,

86 1864 151 1925 lollt
164 1864 281 1927 Gallum
295 1867 390 1925 timeo
405 1867 504 1925 minus
519 1871 689 1928 recentem.

117 1949 207 2023 Quare
221 1951 247 2010 si
261 1950 319 2009 tibi
337 1968 444 2010 sensus
461 1954 509 2009 est
522 1946 702 2029 pudorque,

115 2032 275 2112 Hibernos,
296 2033 392 2111 Line,
413 2034 619 2109 basiationes,

114 2116 145 2176 ln
157 2136 287 2179 mensem
302 2137 377 2198 rogo
393 2116 520 2179 differas
535 2115 686 2196 Aprilem.

504 2252 611 2313 xcvi.

115 2362 252 2425 Conditus
267 2366 319 2425 hic
334 2384 391 2445 ego
407 2385 472 2425 sum
486 2366 572 2425 Bassi
587 2362 694 2442 dolor,
717 2366 849 2427 Urbicus
865 2367 982 2444 inians,

152 2447 204 2508 coi
218 2468 315 2527 genus
331 2456 363 2509 et
380 2468 493 2510 nomen
508 2449 636 2509 maxims
650 2449 747 2510 Romu
763 2448 859 2511 dedit.

115 2528 167 2592 Ser
179 2534 252 2593 milri
269 2532 308 2593 de
323 2534 422 2614 prima
437 2529 568 2593 deerant
581 2533 747 2594 trieteride
762 2553 900 2612 menses,

32 2650 33 2701 p
148 2616 305 2697 Ruperunt
319 2619 451 2678 tetricae
467 2637 534 2677 cum
549 2616 737 2697 malopensa
752 2617 838 2681 deae.

32 2740 33 2753 ,
97 2698 187 2775 50ιίιί
202 2703 340 2782 speeies,
364 2701 437 2781 quid
452 2701 556 2781 lingua
570 2702 662 2779 mibi,
686 2702 759 2781 quid
773 2703 892 2784 presuli
911 2703 1017 2762 aetosi

140 2784 188 2843 lia
201 2785 343 2847 lacrimas
358 2784 492 2864 tumulo,
516 2785 568 2863 qui
582 2782 662 2863 legis
678 2786 753 2865 ista,
775 2805 852 2849 meo.

113 2865 156 2927 Sic
169 2868 206 2928 sd
222 2869 392 2948 Lethaeas,
415 2871 475 2930 nisi
488 2868 622 2929 Nestore
637 2871 753 2946 serius,
774 2869 868 2931 undas

31 3035 35 3048 Ι
147 2952 210 3013 Non
229 2960 296 3033 est,
317 2956 437 3036 optabis
453 2971 544 3033 quem
559 2970 725 3033 superesse
738 2956 806 3017 tibi.

476 3090 596 3152 xcvii.

111 3198 189 3261 Nosti
203 3202 231 3262 si
245 3204 325 3262 bene
340 3201 499 3280 Caesium,
521 3201 649 3279 libelle,

111 3281 268 3346 Montanae
284 3284 377 3345 decus
390 3286 538 3347 Umbriae
554 3286 716 3364 Sabinum,

111 3367 173 3428 Auli
186 3370 371 3449 municipem
384 3371 447 3431 mei
462 3369 628 3449 Pudentis,

111 3449 151 3511 llli
165 3459 197 3513 tu
211 3451 298 3514 dabis
312 3454 389 3514 haec
400 3452 456 3514 sel
471 3459 630 3535 occupato.

95 3533 218 3597 blusteut
232 3536 316 3598 mille
330 3536 408 3598 licet
423 3543 628 3619 premantque
644 3557 754 3617 curce,

110 3616 219 3681 Nostris
234 3623 419 3683 carminibus
434 3628 537 3683 tamen
551 3624 680 3703 vacabit.
