2442 4209
167 395 229 461 lto
488 392 534 459 M.
548 391 642 455 VAL.
659 390 888 453 MARTIALIS

610 594 774 657 LXXVIII.

250 711 347 770 Potor
359 706 491 785 nobilis,
513 706 608 782 Aule,
629 705 748 766 lumine
762 723 823 763 uno

248 792 366 854 Luscus
379 792 485 871 Phryx
500 797 568 850 erat
583 790 744 868 alteroque
757 788 870 867 lepus.

249 878 331 936 Huic
344 877 447 936 Heras
462 874 599 935 medicus
612 875 727 952 „Bibas
742 879 866 933 caveto:

98 986 118 1005 ²
250 962 363 1023 Vinum
377 962 403 1019 ai
419 960 553 1036 biberis,
574 957 654 1018 nihil
668 956 821 1018 videbis.“

226 1044 366 1105 allidens
380 1044 485 1123 Phryx
498 1042 588 1103 oculo
601 1041 774 1121 „Valebis“
787 1041 898 1119 inquit.

249 1128 379 1190 Misceri
393 1128 453 1189 sibi
466 1128 608 1207 protinus
623 1126 778 1203 deunccs,

250 1212 314 1273 Sed
328 1213 457 1273 crebros
470 1212 567 1273 iubet.
594 1212 719 1272 Exitum
733 1207 891 1289 requiris?

249 1297 363 1361 VInum
376 1297 497 1377 Phryx,
519 1293 626 1356 oculus
641 1296 720 1356 bibit
735 1309 895 1355 venenum.

618 1456 756 1519 LXXIX.

250 1566 365 1630 Tristis
379 1587 414 1629 es
432 1576 464 1629 et
477 1567 569 1644 feli13
591 1569 669 1630 sciat
682 1570 742 1629 hoc
755 1571 895 1633 Fortuna
908 1578 1033 1631 cavetot

290 1654 446 1733 Ingratum
460 1651 545 1713 dicet
558 1660 608 1731 te,
630 1655 735 1734 Lupe,
757 1656 784 1715 si
798 1654 916 1717 scierlt.

626 1817 748 1879 LXXX.

108 1940 117 1950 ’
247 1930 291 1993 Ut
305 1950 383 1989 nova
397 1928 477 1990 dona
490 1929 564 2007 tibi,
586 1929 718 2007 caesar,
741 1930 875 1991 Nilotica
889 1932 982 1993 tellus

291 2014 424 2074 Miserat
436 2015 583 2074 hibernas
598 2014 760 2074 ambitiosa
774 2033 877 2094 rosas,

248 2098 356 2159 Navita
371 2096 482 2158 derisit
495 2097 626 2157 Pharios
640 2098 862 2179 Memphiticus
877 2101 1001 2176 hortos,

290 2182 385 2242 Urbis
398 2188 433 2241 ut
445 2182 571 2241 Intravit
584 2179 690 2241 limina
706 2184 805 2263 prima
821 2189 901 2245 tuac.

229 2264 371 2328 5Tantus
383 2266 467 2325 reris
481 2266 580 2326 bonos
595 2272 630 2325 et
642 2265 757 2327 odorae
772 2267 871 2347 gratia
883 2265 1016 2346 Florae,

292 2348 453 2427 Tantaque
466 2350 611 2409 Paestani
625 2349 725 2429 gloria
739 2352 821 2411 ruris
837 2359 913 2411 erat.

249 2434 301 2495 Sic
316 2453 497 2513 quacunque
514 2453 606 2512 vagus
621 2452 823 2513 gressumque
837 2434 1005 2514 oculosque
1019 2435 1153 2509 ferebat,

293 2516 472 2578 Tonsilibus
487 2519 580 2577 sertis
595 2537 686 2577 omne
699 2518 833 2578 rubebat
849 2520 920 2579 iter.

253 2604 293 2664 At
306 2608 342 2663 tu
354 2603 509 2663 Romanae
524 2602 624 2662 iussus
638 2604 699 2662 iam
714 2601 828 2664 cedere
843 2605 986 2680 brumae,

208 2698 243 2750 10
290 2686 384 2747 Mitte
399 2693 466 2746 tuos
479 2704 614 2765 messes,
634 2688 756 2767 accipe,
776 2686 863 2765 Nile,
886 2706 981 2748 rosas.
1044 2764 1049 2770 ,

616 2834 751 2898 LXXXI.

248 2946 348 3007 Iratus
361 2952 505 3024 tauquam
522 2946 653 3026 populo,
676 2947 878 3026 Charidcme,
899 2946 1028 3008 lavarIs:

290 3030 416 3109 Inguina
429 3030 474 3089 sic
489 3035 556 3089 toto
571 3028 689 3091 subluis
702 3033 735 3091 in
750 3031 837 3094 sollo.

248 3114 313 3174 Nec
328 3118 419 3194 capnt
432 3114 483 3173 hic
501 3111 614 3173 vellem
629 3116 674 3174 sic
688 3120 739 3193 te,
761 3113 964 3192 Charideme,
981 3112 1107 3192 lavare,

293 3198 335 3256 Et
350 3202 456 3277 caput,
479 3214 569 3277 ecce,
589 3195 688 3258 lavas:
709 3199 835 3277 inguina
849 3198 929 3259 malo
946 3197 1041 3258 laves.

609 3344 757 3407 LXXXII.

163 3480 167 3489 ·
249 3455 379 3533 Quidam
393 3475 443 3517 me
457 3457 564 3538 modo,
582 3458 681 3538 Rufe,
703 3457 870 3539 dlligenter

248 3540 439 3621 Inspectum,
460 3539 545 3602 velut
559 3550 682 3625 emptor
695 3550 748 3604 aut
758 3542 888 3624 lanista,

249 3626 326 3695 Cum
340 3625 426 3684 voltu
441 3622 600 3705 digiioque
615 3627 825 3707 subnotasset,
