2442 4209
293 312 633 375 EPIGRAMMATON
647 314 720 376 LlB.
733 312 800 375 xil.
1007 316 1071 379 299

69 475 99 529 10
105 464 227 525 Scribit
241 466 389 542 carmina,
408 483 487 543 quae
501 463 611 543 legunt
625 472 775 526 recantes.

105 549 211 610 Frons
226 548 303 608 haec
316 550 459 627 stigmate
475 568 537 607 non
552 567 621 608 meo
637 549 771 610 notanda
786 556 844 615 est.

503 662 593 723 [ΧΠ.

104 761 241 842 Antiqui
254 778 310 819 res
323 779 434 838 magne
447 760 513 840 poli
527 759 695 839 mundique
709 761 837 839 prioris,

149 843 215 904 Sub
233 861 292 923 quo
306 845 395 922 pigra
409 845 497 923 quies
510 862 569 904 neo
583 841 673 905 labor
687 842 769 905 ullus
783 852 866 920 erat,
989 844 992 851 '

101 928 173 987 Nec
187 926 292 1006 regale
307 927 398 986 nimis
412 925 531 987 fulmen
545 946 603 987 nec
618 926 747 987 fulmine
763 926 863 1006 digni,

148 1011 255 1071 Scissa
267 1028 326 1070 uec
341 1009 379 1071 ad
393 1011 520 1090 Manes,
542 1011 599 1071 sed
614 1012 674 1071 sihi
689 1011 774 1072 dives
788 1012 912 1071 humus:

83 1094 226 1155 §Laetus
241 1092 371 1154 adhaec
385 1093 549 1174 facilisque
563 1096 634 1155 veni
649 1094 811 1156 sollemnia
825 1094 925 1153 Prisci

148 1175 286 1239 Gaudia:
309 1198 377 1238 oum
392 1180 488 1239 sacris
503 1186 536 1240 te
552 1178 644 1239 decet
659 1198 728 1240 esse
740 1181 814 1240 tuis.

103 1262 157 1322 Τιι
172 1260 320 1322 reducem
332 1263 452 1342 patriae
467 1269 567 1341 sexta,
588 1271 679 1343 pater
694 1266 826 1344 optime,
848 1265 956 1322 bruma

146 1346 275 1405 Pacifici
288 1344 377 1405 Latia
389 1345 497 1407 reddis
511 1348 549 1408 ab
563 1350 641 1408 urbe
656 1348 781 1408 Numae.

102 1430 237 1506 Cernis,
259 1435 293 1490 ut
308 1431 444 1490 Ausonio
459 1431 566 1492 similis
580 1433 638 1492 tibi
652 1451 763 1512 pompa
777 1428 907 1489 macello

57 1525 95 1577 10
145 1511 288 1573 Pendeat
303 1520 335 1574 et
351 1522 481 1593 quantus
498 1514 671 1575 luxurietur
685 1515 805 1575 honos?

102 1598 205 1674 Quam
219 1616 281 1657 non
296 1617 389 1677 parca
406 1618 512 1658 manus
525 1597 692 1678 largaeque
707 1601 887 1659 norrsiamata
901 1616 1043 1673 mensae,

145 1682 251 1758 Quae,
273 1680 424 1759 Saturne,
446 1684 504 1743 tibi
518 1688 780 1761 pernumerentur
794 1682 891 1764 opes‘}

101 1766 213 1844 thue
227 1765 268 1824 sit
281 1765 331 1824 his
346 1767 479 1845 pretium
494 1767 614 1826 meritis
629 1776 662 1825 et
677 1768 775 1845 gratia
789 1767 901 1842 maior,

144 1849 189 1908 Et
202 1853 292 1928 pater
308 1855 341 1907 et
355 1849 436 1926 frugi
451 1850 496 1909 sic
510 1855 563 1909 tua
581 1869 667 1910 saera
682 1850 764 1910 colit.

61 1935 143 1995 rost
159 1938 194 1991 tu
209 1938 314 1991 sancte
328 1938 380 1992 tuo
397 1934 441 1992 sic
454 1950 577 2014 semper
593 1952 696 1994 amere
711 1934 891 2009 Decembri,

145 2016 215 2075 Hos
228 2012 277 2075 illi
290 2016 397 2076 iubeas
411 2034 505 2098 saepe
518 2016 625 2077 redire
639 2016 714 2077 dies.

491 2150 594 2212 LXlll.

99 2251 207 2311 Uncto
224 2245 369 2309 corduba
382 2244 497 2308 laetior
510 2249 664 2326 Venafro,

99 2334 214 2393 Histra
225 2350 284 2393 nec
298 2331 398 2391 miuus
416 2332 554 2393 absoluta
568 2339 665 2410 testa,

100 2416 177 2477 Albi
195 2433 274 2496 quae
289 2433 417 2495 superas
432 2412 504 2476 oves
520 2414 661 2494 Galaesi,

98 2499 195 2561 Nullo
211 2500 329 2560 murice
344 2517 404 2560 nec
421 2519 532 2560 cruore
546 2499 692 2578 mendax,

76 2584 167 2647 sSed
182 2584 288 2645 tinctis
305 2585 452 2662 gregibus
466 2582 570 2645 colore
583 2587 668 2644 vivo:

98 2669 160 2729 Dic
175 2675 297 2745 vestro,
318 2687 412 2746 rogo,
435 2668 476 2727 ait
489 2668 589 2747 pudor
603 2674 734 2748 poetae,

99 2754 170 2813 Nec
184 2753 280 2831 gratis
296 2752 412 2811 recitet
425 2770 510 2811 meos
524 2751 664 2813 libellos:

98 2836 251 2913 Ferrem,
270 2837 296 2894 si
310 2835 432 2895 faceret
445 2836 543 2895 bonus
557 2843 666 2917 poeta,

101 2921 164 2982 (lui
178 2937 301 3000 possem
316 2917 392 2979 dere
404 2924 526 2980 mutuos
541 2918 681 2981 dolores:

58 3004 284 3085 locorrumpit
298 3004 365 3063 sine
380 3001 497 3063 talione
512 3003 645 3065 caelebs.

100 3089 223 3150 coecus
239 3085 376 3167 perdere
392 3106 455 3147 non
469 3091 574 3167 potest
590 3084 672 3167 quod
688 3086 798 3147 aufert.

98 3170 156 3232 Nil
172 3179 220 3232 est
234 3170 374 3230 deterius
388 3170 510 3231 latrone
523 3170 622 3231 nudo:

98 3254 155 3315 Nil
169 3255 307 3338 securius
321 3259 371 3314 est
383 3250 463 3315 mulo
477 3262 578 3335 poeta.

489 3369 595 3432 miv.
678 3436 682 3445 ,

99 3464 289 3529 Vincentem
303 3486 412 3529 roseos
426 3468 567 3547 facieque
582 3485 730 3548 comaque
744 3467 900 3527 ministros

147 3549 245 3610 Cinna
259 3570 366 3613 cocum
380 3552 467 3615 lecit.
497 3553 595 3613 cinna
610 3550 735 3632 gulosus
748 3552 840 3613 homo
856 3557 914 3613 est.
