2442 4209
306 361 647 425 nrinnnmnn‘ron
661 362 734 425 Lm.
750 364 788 428 X.
1007 362 1071 431 241

107 517 147 577 nt
163 537 231 579 non
247 517 338 576 unius
354 520 512 596 spectator
524 514 658 577 lectulus
669 515 785 593 undae,

71 612 102 662 10
150 602 212 678 Qui
228 600 316 662 videt
328 601 401 659 hinc
414 618 534 680 puppes
548 601 700 679 fluminis,
721 599 795 661 inde
809 603 918 664 marial

107 684 171 745 Sed
186 704 249 747 nec
264 681 411 746 Marcelli
423 684 722 765 Pompeianumque,
743 703 803 745 nec
817 684 884 747 illic

149 770 232 830 Sunt
246 767 389 850 triplices
405 770 563 847 thermae,
578 788 638 829 nec
654 770 723 830 iura
736 771 841 829 iuncta
856 776 983 850 quater,

106 854 172 915 Nec
187 852 359 936 Capitolini
373 872 521 913 summum
536 853 698 933 penetrale
715 854 882 932 Tonantis,

147 938 300 1019 Quaeque
316 939 417 998 nitent
432 935 518 996 eaelo
534 938 672 1017 proxima
686 936 804 1018 templa
819 958 883 998 suo.

88 1022 242 1083 15Diecre
255 1030 289 1083 te
301 1020 415 1084 lassum
430 1021 572 1099 quotiens
587 1040 646 1099 ego
661 1022 756 1082 credo
771 1023 916 1098 Quirino:

147 1106 260 1185 „Quae
274 1114 327 1166 tua
347 1111 435 1181 sunt,
456 1104 515 1164 tibi
530 1104 626 1165 habe:
649 1125 728 1184 quae
742 1123 826 1184 mea,
847 1105 946 1167 redde
962 1106 1068 1182 milri,“

521 1238 583 1300 Lll.

106 1310 239 1432 Thelyn
254 1350 376 1411 viderat
390 1351 423 1409 in
438 1357 510 1429 toga
525 1349 701 1430 spadonem.

105 1433 286 1496 Damnatam
300 1435 398 1495 Numa
412 1433 489 1493 dixit
504 1452 573 1531 esse
587 1435 756 1497 moecham.

510 1569 586 1629 Llll.

108 1679 164 1741 llle
182 1700 242 1761 ego
258 1702 323 1742 sum
339 1682 490 1762 Scorpus,
514 1680 642 1742 clamosi
657 1682 757 1762 gloria
771 1682 872 1758 Circi,

145 1764 294 1844 Plausus,
316 1766 427 1842 Roma,
446 1767 492 1825 tui
508 1762 702 1845 deliciaeque
717 1768 843 1843 breves,

107 1848 211 1909 invida
227 1868 318 1930 quem
333 1850 479 1927 Lachesis
494 1857 616 1930 raptum
629 1848 795 1911 trieteride
808 1867 889 1910 nona

146 1934 228 1993 Duru
242 1939 384 1994 numerat
398 1931 530 2014 palmas,
552 1933 688 1995 credidit
702 1954 771 1995 esse
787 1952 901 1995 senem.

509 2082 586 2145 LIV.

108 2192 250 2273 Menses,
274 2192 350 2272 01e,
371 2196 466 2254 bonas
480 2197 587 2275 ponis,
603 2193 659 2255 sed
673 2197 762 2275 ponis
779 2201 913 2275 opertas.

147 2276 327 2340 Ridiculum
342 2284 404 2338 est:
425 2298 549 2360 possum
565 2280 609 2339 sic
625 2298 681 2359 ego
696 2280 812 2341 habere
828 2282 933 2341 boum.

516 2412 580 2476 LV.

110 2527 276 2587 Arrectum
293 2529 436 2607 quotiens
452 2524 589 2589 Marulla
602 2544 716 2607 penem
845 2512 848 2516 Δ

20 2658 22 2677 ,
109 2611 253 2672 Pensavit
269 2611 373 2689 digitis
388 2612 502 2693 diuque
518 2630 624 2682 mensa
638 2616 702 2687 est,

20 2696 22 2761 ἶ
108 2694 233 2773 Libras,
256 2696 391 2775 seripula
405 2694 600 2774 sextulasque
617 2693 701 2754 dicit.

20 2764 21 2835 l
108 2777 191 2839 ldem
207 2785 279 2860 post
294 2800 370 2859 opus
385 2787 418 2840 et
434 2800 504 2841 suas
516 2778 688 2861 palaestras

20 2850 22 2965 ζ
89 2862 189 2923 5Loro
205 2884 275 2924 cum
291 2863 401 2924 similis
415 2864 497 2923 iacet
512 2864 661 2940 remisso,

20 2974 21 3001 ι
111 2946 229 3022 Quanto
240 2950 285 3015 ,rit
302 2946 403 3008 levior
417 2946 550 3008 Marulla
564 2945 649 3006 dicit.

20 3040 21 3121 J
111 3030 178 3090 Non
193 3050 269 3111 ergo
286 3039 335 3091 est
348 3050 453 3118 manua
468 3032 543 3113 ista,
564 3030 621 3091 sed
637 3035 761 3089 statera.

507 3165 584 3228 LVI.

20 3270 21 3345 ἶ
112 3276 216 3357 Totis,
238 3277 345 3359 Galle,
367 3281 455 3339 iubes
473 3279 531 3338 tibi
545 3296 594 3337 me
610 3279 729 3338 servire
745 3275 855 3337 diebus

150 3362 192 3422 nt
205 3381 264 3443 per
278 3365 463 3423 Aventinum
479 3369 529 3422 ter
543 3368 654 3441 quater
667 3364 715 3421 ire
731 3359 839 3421 lutum.

20 3448 21 3517 i
112 3444 223 3507 Eximit
238 3452 291 3507 aut
305 3448 409 3508 reiicit
424 3447 553 3508 dentem.
565 3443 736 3506 Cascellius
751 3463 892 3523 aegrum,

20 3524 21 3565 l
152 3530 287 3591 lniertos
303 3530 401 3593 oculis
415 3533 496 3607 uris,
519 3532 659 3611 Hygine,
677 3531 776 3610 pilos,

20 3592 22 3747 i
96 3613 283 3759 tNofflpat
297 3622 331 3676 et
345 3615 429 3678 tollit
444 3614 612 3677 stillantem
625 3615 762 3675 Fannius
777 3632 880 3757 uvl'd’
