2442 4209
249 331 588 395 EPIGRAMMA'PON
603 334 678 396 Lm.
693 336 731 399 V.
953 334 1012 398 tos

115 486 260 547 Praeferat
274 486 417 565 antiquos
432 502 555 565 semper
569 492 605 547 ut
617 484 674 547 illa
687 488 783 553 novis.
833 524 836 527 ·

67 568 127 629 offic
138 576 263 629 veterem
277 570 392 647 ingrati
406 570 536 649 Pompei
551 572 726 649 quaerimus
739 573 893 649 umbram,

113 652 159 712 Sic
171 652 292 714 laudant
305 652 408 715 catuli
421 651 495 714 vilia
509 654 624 735 templs
636 674 737 717 senes.

81 736 180 797 linuius
194 744 240 798 est
251 736 353 799 lectus
367 736 452 798 selvo
467 739 540 815 tibi,
562 739 675 817 Roma,
696 739 828 801 Marone

112 821 149 879 st
160 840 209 881 sna
220 822 357 881 riserunt
369 820 494 883 saecula
505 822 710 886 Maeoniden:

79 903 146 964 Rara
159 911 296 966 coronato
310 903 456 986 plausere
471 907 594 967 theatra
608 905 799 983 Menandro,

51 996 76 1048 1⁰
111 988 196 1048 Norat
209 989 358 1050 Nasonem
372 987 440 1050 sola
454 991 590 1052 Corinna
605 1011 702 1054 suurn.

79 1071 132 1132 Vos
145 1077 255 1150 tamen,
276 1093 294 1133 o
309 1076 410 1141 nostrl
424 1092 464 1134 ne
478 1075 627 1147 festinate
640 1070 759 1138 libelli:

115 1154 145 1215 Si
159 1157 299 1235 postlata
312 1159 399 1219 venit
413 1157 529 1237 gloria,
550 1178 614 1222 non
629 1174 774 1240 propero.

464 1320 514 1381 Xl.

81 1427 289 1509 Sardonychas,
310 1431 505 1510 zmaragdos,
528 1430 720 1510 adamantes,
741 1431 877 1513 iaspidas
888 1451 950 1492 uno

111 1513 213 1576 Versat
224 1516 258 1574 iu
271 1514 404 1576 articulo
422 1514 535 1594 Stella,
558 1516 692 1594 Severe,
712 1535 808 1577 meus.

80 1596 176 1658 Multas
188 1600 219 1658 in
234 1597 354 1677 digitis,
377 1597 485 1679 plures
501 1602 534 1659 in
547 1600 683 1660 carmine
698 1618 832 1679 gemmas

110 1681 251 1743 Invenies:
272 1682 346 1743 inde
361 1690 410 1743 est
423 1684 516 1762 haee,
537 1690 631 1765 puto,
653 1681 736 1746 eulta
749 1704 865 1746 manus.

409 1899 413 1909 .
460 1846 524 1910 ΧΠ.

81 1960 152 2035 Quod
162 1960 298 2021 nutantia
311 1959 417 2020 fronte
432 1959 584 2039 perticata
689 2011 693 2019 .

80 2044 169 2105 Gestat
179 2042 318 2126 pondera
331 2041 501 2104 Mastblion
515 2044 684 2123 superbae,

80 2128 129 2188 lut
140 2128 257 2208 grandis
271 2128 369 2189 Ninus
385 2128 525 2193 omnibus
538 2125 669 2187 lacertis

80 2210 183 2291 Septem
199 2211 283 2293 quod
297 2230 411 2292 pueros
425 2207 508 2270 levat
522 2209 572 2271 vel
587 2216 674 2288 octo,

66 2294 129 2355 blies
141 2317 197 2357 non
210 2294 349 2356 difficilis
363 2295 440 2354 mibi
453 2293 592 2371 videtur,

30 2414 31 2441 2
80 2378 133 2439 Uno
146 2402 209 2441 cnm
224 2379 321 2458 digito
335 2376 386 2438 vel
399 2379 477 2457 hoe,
497 2377 548 2439 vel
563 2375 637 2455 illo,

30 2516 32 2571 ι
80 2460 169 2556 Portet
184 2460 286 2526 Stella
299 2482 384 2523 meus
400 2461 508 2522 decem
522 2459 650 2543 puellas,

447 2628 526 2689 Xlll.

30 2802 31 2811 χ
81 2738 151 2820 Sum,
170 2744 288 2821 fateor,
310 2762 495 2824 semperque
509 2743 572 2819 lui,
589 2738 783 2814 Callistrate,
802 2757 936 2819 pauper,

110 2824 165 2886 Sed
177 2845 240 2887 non
253 2828 416 2907 obscurus,
435 2846 494 2887 nee
509 2824 587 2886 male
602 2831 694 2884 notus
708 2837 821 2902 eques,

80 2904 129 2968 Sed
139 2917 201 2972 toto
214 2908 305 2991 legor
320 2913 396 2972 orbe
410 2912 560 2991 frequens
578 2916 610 2971 et
626 2906 739 2967 dicitur
756 2906 838 2984 „llic
851 2905 938 2983 est,“

111 2993 251 3073 Quodque
266 2996 343 3056 cinis
359 2998 481 3077 paucis,
503 2996 563 3055 boc
578 2993 655 3055 milri
668 2992 730 3051 vita
744 2989 841 3051 dedit.

67 3074 113 3135 blt
124 3084 171 3137 tna
185 3080 324 3139 centenis
338 3081 519 3144 incumbunt
532 3084 616 3139 tecta
631 3073 781 3136 columnis

108 3161 143 3219 lit
153 3158 314 3223 libertinas
330 3184 401 3224 area
414 3162 551 3243 flagellat
565 3180 657 3242 opes,

79 3239 228 3389 llqgnaqne
243 3244 379 3350 Niliacae
395 3247 563 3393 Wilqllli
577 3244 670 3389 glpba
683 3244 818 3325 Syenes,

30 3406 31 3479 ι
80 3338 521 3495 mittiiiiiiiss'm
537 3350 721 3495 gitti:
734 3346 913 3495 istim
928 3427 1012 3471 esso

31 3522 32 3533 ι
57 3495 77 3548 lt
110 3495 155 3557 Tu
167 3498 248 3578 qnod
261 3517 313 3577 es,
334 3519 353 3561 e
366 3500 481 3581 populo
497 3497 632 3581 quilibet
643 3517 714 3559 esse
728 3505 843 3579 potest.
