2442 4209
302 302 827 390 uu1ousu1s1suoou1u.xu1.
1023 326 1084 393 311

333 524 460 604 XXXI.
487 524 604 587 casm
625 525 778 595 Vestious.

130 638 164 699 Si
177 639 245 699 siue
261 656 354 699 corne
369 634 457 697 voles
469 636 625 697 ientaculo
638 656 761 701 sumere
776 638 875 717 frugi,

168 721 256 783 Hecu
270 721 327 783 tibi
342 721 473 783 Vestiuo
489 719 528 779 de
542 739 638 802 grege
654 741 751 785 musso
764 723 859 783 venii.

355 854 478 917 XXXII.
502 854 782 935 Ouscuosumosus.

127 954 194 1016 Nou
211 972 422 1033 quemcunque
440 954 560 1031 focum,
581 972 641 1014 uec
654 954 770 1015 fumum
785 968 891 1017 emus
905 974 1043 1034 omnem,

169 1037 233 1100 Sed
247 1035 473 1101 Velabrensem
488 1039 541 1117 qui
555 1040 650 1115 bibio,
672 1036 727 1099 illc
741 1040 829 1119 cupii.

339 1172 476 1235 XXXIII.
499 1172 592 1235 casos·
609 1173 788 1235 stabulans.

130 1271 267 1333 Trebula
280 1291 338 1333 uos
353 1273 478 1349 genuit3
497 1271 692 1334 commendet
705 1273 804 1351 gretie
818 1270 948 1354 duplex,

169 1356 241 1417 Siue
255 1354 316 1416 levi
332 1357 468 1434 flammo,
489 1358 554 1416 sive
568 1355 727 1418 domemur
742 1375 830 1435 sque.

402 1536 406 1541 ,
432 1490 569 1554 XXXIV.
593 1491 699 1554 Bolos.

130 1590 205 1651 Cum
218 1592 261 1651 sit
274 1610 349 1651 suus
365 1592 498 1651 coniunx
512 1597 545 1650 et
559 1592 624 1650 siut
636 1591 696 1651 ilbi
706 1595 828 1649 mortus
843 1591 987 1662 membro,

168 1673 222 1734 Ni]
235 1674 318 1735 uliud
332 1673 435 1736 bulbis
449 1692 539 1754 quum
554 1681 639 1735 sstur
654 1693 724 1735 esse
737 1680 838 1754 potes.

394 1809 519 1871 XXXV.
543 1809 731 1871 Lucanicae.

15 1923 16 1926 ’
129 1905 210 1968 FiIiu
222 1908 356 1969 Piceuse
372 1910 463 1969 veulo
477 1908 630 1969 Luosuicu
643 1926 773 1989 porcae:

169 1990 312 2053 Pultibus
326 1994 399 2054 hiuc
413 1993 512 2053 niueis
527 1998 614 2072 grute
630 2012 743 2054 corone
758 1992 856 2053 detur.

328 2126 466 2189 XXXVI.
491 2125 621 2187 aboena
637 2128 795 2189 claborum.

129 2224 230 2302 Haec,
254 2244 331 2303 quse
346 2227 471 2286 Picenis
485 2226 571 2285 veuit
585 2225 735 2286 subducto
749 2229 896 2308 trapetis,

168 2308 295 2369 Inchoat
309 2315 401 2388 utque
419 2309 527 2370 eudem
541 2309 611 2369 finit
624 2308 703 2370 oliva
718 2310 823 2391 depes.

369 2444 521 2509 XXXVII.
544 2444 634 2505 Mula
649 2446 756 2506 citrea.

129 2540 189 2600 Aut
204 2541 372 2621 Corcyraei
388 2548 459 2603 suut
474 2544 551 2603 hoec
566 2541 606 2602 de
621 2542 784 2605 frondibus
800 2545 900 2623 horti,

168 2625 232 2685 Aut
246 2626 324 2687 hoec
338 2626 470 2707 Massyli
483 2646 574 2708 pomo
591 2625 734 2687 droconis
750 2635 848 2689 crunt.

374 2761 538 2843 XXXVIII.
564 2762 751 2825 Colustrum.

128 2857 285 2940 surripuit
296 2866 405 2940 postor
422 2879 500 2939 quse
514 2860 651 2920 noudum
665 2862 817 2921 stantibus
831 2858 940 2920 hoedis

166 2943 213 3003 Dc
226 2945 326 3024 primo
341 2950 472 3005 metrum
484 2942 568 3005 lecte
584 2944 722 3006 colostra
736 2944 849 3007 dumus.

408 3078 544 3140 XXXIX.
570 3054 710 3141 Haedus.

128 3174 286 3236 Lascivum
298 3194 396 3255 pecus
411 3183 445 3238 et
458 3176 550 3236 viridi
565 3197 629 3238 nou
642 3175 721 3238 utile
734 3178 856 3238 Boccho

168 3260 378 3340 Detpocuo13
397 3262 504 3323 nocuit
520 3262 580 3320 ium
594 3268 687 3322 tener
701 3260 757 3322 ille
772 3259 840 3323 deo.

479 3394 544 3456 xl.
568 3395 643 3457 Ova.

128 3491 262 3567 conditis
277 3495 305 3553 si
318 3512 445 3555 croceos
459 3494 643 3555 circumfluit
656 3494 737 3555 uuslu
748 3492 891 3572 vitellos,

166 3576 339 3659 Hesperius
352 3578 486 3638 scombri
500 3585 656 3658 temperet
672 3598 728 3639 ovs
740 3577 845 3660 liquor
