2442 4209
298 366 638 430 EPIGRAMMATON
652 368 727 430 LlB.
742 369 794 432 Xl.
1008 368 1071 435 275

472 520 622 583 LXXVII.

117 634 149 694 lu
165 633 305 693 omnibus
319 631 458 694 Vacerra
473 629 556 711 quod
570 628 766 692 conclavibua

117 716 275 778 Consumit
286 717 380 776 horna
394 722 428 775 et
442 711 493 776 ue
507 721 574 776 toto
589 714 696 792 tedet,

116 800 277 862 Cenaturit
291 799 444 877 Vacerra,
466 819 527 859 non
543 801 701 860 cacaturit.

468 932 630 993 LXXVIII.

116 1046 213 1110 Utere
225 1049 369 1109 femineis
387 1046 615 1128 complexibus,
636 1055 742 1127 utere,
764 1048 890 1130 Victor,

154 1131 355 1213 Ignotumque
370 1134 430 1193 eibi
442 1130 583 1193 mentula
598 1131 698 1193 diaoat
713 1153 798 1213 opua.

115 1215 271 1277 Flammea
285 1222 431 1278 texuntur
446 1234 593 1296 eponaae,
614 1218 675 1276 tam
688 1219 775 1296 virgo
790 1223 932 1298 paratur,
951 1262 956 1269 ·

154 1300 313 1362 Tondebit
326 1318 440 1381 pueros
453 1302 513 1360 iam
528 1319 605 1360 nova
619 1306 714 1381 nupta
727 1307 807 1362 tuoe.

95 1382 282 1446 5Paediuare
301 1382 399 1445 aemel
415 1382 526 1465 cupido
542 1381 628 1444 dabit
640 1382 696 1445 illa
709 1388 837 1466 marito,
914 1402 917 1405 ’

152 1469 232 1528 Dum
245 1470 356 1529 metuit
369 1467 426 1529 teli
441 1465 569 1528 volnera
582 1470 683 1549 prima
698 1471 778 1530 novi.

115 1552 242 1632 Saepius
256 1553 316 1613 hoo
330 1553 401 1612 deri
414 1552 519 1611 nutrix
532 1559 694 1631 materque
707 1555 855 1614 vetabunt

150 1636 192 1696 nt
209 1634 330 1697 dicent:
351 1636 475 1715 „Uxor‚
497 1654 559 1696 non
572 1654 667 1716 puer,
688 1638 746 1698 iota
760 1638 818 1698 tihi
834 1639 915 1700 eat.“

114 1720 181 1780 Heu
196 1726 327 1799 quantoe
343 1726 461 1799 aestuo,
485 1725 615 1799 quantoe
631 1721 752 1801 potiere
766 1718 907 1799 labores,

82 1812 114 1864 10
157 1803 191 1864 Si
207 1803 305 1865 inerit
319 1823 435 1865 ounnna
449 1823 501 1864 res
514 1805 681 1883 peregrina
694 1805 766 1865 tibi!

17 1884 18 1903 ¹
112 1887 191 1966 Ergo
208 1887 386 1949 Suburanae
399 1888 534 1949 tironem
546 1885 637 1947 trade
651 1890 825 1967 magistrae.

149 1969 208 2031 ssla
221 1972 319 2032 virum
334 1972 447 2048 faciet;
467 1990 530 2032 non
544 1973 625 2033 bene
640 1973 727 2051 virgo
743 1970 844 2037 dooet.

481 2104 616 2167 LXXIX.

112 2203 157 2264 dd
170 2206 302 2285 primum
319 2201 437 2262 decima
450 2201 584 2285 lapidem
599 2201 683 2281 quod
697 2204 834 2264 venimus
848 2204 940 2284 horu,

151 2288 317 2366 Arguimur
328 2286 433 2348 lentae
449 2288 577 2347 erimine
592 2287 746 2367 pigritiae.

112 2370 176 2431 Non
192 2378 242 2431 eot
254 2373 315 2432 iata
329 2370 471 2450 quidem,
492 2389 555 2430 non
570 2377 619 2431 eet
632 2388 715 2449 mea,
737 2370 794 2431 sed
808 2379 860 2432 tua
875 2371 966 2455 culpa
980 2381 1043 2454 eat,

148 2453 265 2515 Mioiati
280 2453 376 2515 mulas
391 2455 444 2534 qui
459 2454 552 2532 mihi,
573 2454 686 2533 Paete,
709 2461 784 2515 tuao.

479 2588 600 2649 LXXX.

111 2699 196 2765 Litua
210 2701 320 2761 beatae
335 2698 470 2761 Veneria
486 2717 611 2759 aureum
626 2700 731 2779 Baiae,

111 2783 196 2844 Baias
211 2785 362 2864 superbae
377 2780 489 2843 blanda
503 2781 582 2843 dona
596 2789 742 2863 naturae,

14 2925 15 2928 ,
111 2866 151 2927 Ut
165 2864 252 2927 mille
266 2863 407 2943 laudem,
428 2864 560 2944 Finem,
582 2866 842 2947 teremuthim,

13 3024 14 3031 ἵ
110 2950 252 3011 Laudabo
269 2949 361 3028 digne
376 2968 437 3009 uon
453 2952 526 3010 satie
541 2958 645 3012 tameo
661 2952 760 3013 Baiae.

93 3034 172 3094 used
186 3032 363 3095 Martialem
377 3032 476 3109 malo,
497 3032 628 3113 Haece,
650 3048 740 3113 quam
753 3035 851 3095 Baiae.

111 3117 225 3198 Optare
240 3123 403 3196 utromque
418 3118 553 3197 pariter,
574 3119 709 3198 improbi
722 3123 826 3180 votnm
841 3125 897 3180 eet.

113 3202 200 3278 Quod
214 3204 240 3263 ai
255 3199 382 3261 deorum
397 3220 526 3262 munere
539 3202 599 3269 hoo
612 3203 671 3263 tibi
686 3201 794 3282 detur,

112 3284 189 3361 Quid
203 3283 381 3365 gaudiorum
396 3293 445 3345 est
459 3278 616 3346 Murtiolio
630 3292 663 3346 et
675 3286 782 3355 lbet
934 3268 939 3276 ’

13 3422 14 3459 i
480 3418 615 3481 LXXXI.

113 3525 187 3587 (ium
201 3544 276 3587 aene
290 3544 480 3587 communem
494 3532 583 3587 vexat
594 3525 690 3606 spado
705 3525 874 3608 Dindymus
888 3525 1008 3606 Aeglen

150 3608 192 3671 luo
204 3611 287 3671 iacet
300 3612 334 3670 in
350 3609 451 3671 medio
467 3612 549 3671 sicca
561 3608 667 3691 puella
680 3619 760 3672 toro.
796 3693 859 3757 18*
