2442 4209
146 322 211 393 212
473 328 518 390 Μ.
532 328 624 391 vnn.
640 294 870 391 nonnosus

644 482 705 542 Lll.

124 676 129 685 ι
230 601 265 661 Si
283 598 387 661 credis
401 598 492 679 mihi,
514 600 646 678 Quinte,
669 596 751 676 quod
765 600 918 679 mereris,

229 683 373 762 Natales,
392 682 501 763 Ovidi,
522 690 590 744 tuaa
604 683 732 764 Apriles

228 768 273 829 Ut
287 776 408 829 nostras
423 786 489 827 amo
504 768 634 828 Martias
648 766 811 829 Kalendas.

229 850 321 913 Felix
334 858 465 931 utraque
479 851 533 913 lux
549 849 680 955 diesque
693 854 784 912 nobis

208 930 381 1015 bsignanoii
395 934 577 998 melioribus
590 934 725 1017 laprliisl

231 1021 292 1081 Hie
306 1023 400 1083 vitam
414 1022 541 1099 tribuit,
563 1020 686 1082 sedhic
701 1021 840 1081 amicum.

230 1105 305 1165 Plu·
321 1105 411 1184 dant,
434 1106 567 1184 Quinte,
588 1105 665 1166 mihi
679 1113 752 1165 tuae
766 1104 935 1167 Kalendae.

622 1215 710 1301 'unu

230 1351 335 1414 Natali
347 1352 422 1429 tibi,
446 1351 579 1430 Quinte,
596 1358 650 1412 tuo
667 1350 742 1413 dare
756 1372 850 1432 parua
863 1349 1007 1411 volebam

273 1436 422 1510 Murem
444 1441 478 1495 tu
491 1435 656 1515 prohibeas
676 1435 862 1515 imperiosus
875 1436 969 1495 homo
985 1453 1027 1498 es.

231 1518 407 1581 Parendum
421 1520 625 1597 curmontis,
645 1520 699 1578 fiat
714 1518 797 1599 quod
812 1526 945 1600 uterque
960 1517 1090 1582 volemus

266 1605 316 1665 -nt
330 1602 414 1683 quod
428 1610 593 1683 utrumque
607 1605 705 1664 iuvat:
724 1609 760 1663 tu
774 1604 867 1682 mihi,
886 1605 1017 1683 Quinte,
1038 1604 1113 1668 dato.

626 1738 705 1800 LIV.

233 1834 267 1894 Si
282 1836 357 1895 mihi
372 1835 488 1896 Picena
503 1834 611 1897 turdus
626 1833 763 1917 palleret
780 1832 876 1912 oliva,
1189 1811 1191 1934 l

275 1918 439 1981 Tenderet
454 1925 506 1978 aut
520 1926 643 1979 nostras
656 1917 731 1979 silva
747 1918 859 1979 Sabina
873 1917 996 2000 plagas;

234 2003 297 2062 Aut
313 2008 475 2065 crescente
491 2002 568 2063 levis
584 2005 763 2065 traheretur
777 2000 927 2064 arundine
942 2001 1058 2085 praeda

275 2087 401 2167 Pinguis
417 2093 450 2148 et
463 2085 629 2167 implicitas
643 2089 729 2167 virga
742 2093 867 2147 teneret
881 2105 967 2148 aves:

211 2170 332 2249 ocare,
355 2171 445 2232 daret
457 2170 610 2235 sollemne
622 2173 681 2233 tibi
696 2173 838 2248 cognatio
852 2190 978 2251 munus,

274 2254 340 2316 Nee
353 2256 453 2317 irater
466 2257 572 2335 nobis,
594 2274 653 2317 nee
666 2256 754 2335 prior
769 2262 854 2316 esset
867 2275 948 2316 avus.

232 2336 321 2400 Nune
336 2346 459 2401 sturnos
474 2340 584 2421 inopes
597 2338 867 2420 fringillorumqne
883 2333 1041 2417 querellas

275 2422 373 2484 Audit
385 2430 419 2484 et
433 2430 541 2503 arguto
557 2443 684 2505 passere
698 2430 808 2484 vernat
821 2442 902 2503 ager.
1189 2439 1191 2514 j

233 2506 309 2568 lude
324 2506 472 2568 salutatus
486 2510 573 2589 piene
589 2504 761 2589 respondet
776 2515 895 2583 arator,
1189 2519 1191 2532 '

194 2603 227 2656 10
274 2591 357 2651 Hinc
369 2611 469 2673 prope
485 2612 600 2653 summa
617 2598 712 2673 rapa‘x
726 2591 835 2652 milvus
850 2592 889 2651 ad
904 2599 986 2654 astra
999 2592 1094 2653 volat.

234 2676 388 2737 Mittimus
404 2695 478 2755 ergo
493 2678 551 2759 tibi
564 2695 677 2758 parvae
692 2676 872 2737 munuscula
886 2678 1021 2754 chortis,

277 2758 387 2838 Qualia
401 2762 427 2821 si
441 2762 574 2842 recipis,
597 2780 691 2841 saepe
705 2763 899 2842 propinquus
914 2762 987 2825 eris.

645 2896 710 2958 LV.

232 2994 316 3055 Luce
330 2995 592 3075 propinquorum,
614 3013 674 3073 qua
686 2993 818 3073 plurime
832 2993 965 3054 mittitur
979 2989 1064 3067 ales,
1189 3043 1191 3063 ,

276 3079 355 3139 Dum
370 3074 490 3139 Stellae
504 3077 629 3156 turdos,
650 3077 722 3139 oium
736 3078 811 3154 tibi,
829 3075 961 3153 Flacco,
982 3095 1079 3156 paro,

235 3163 381 3225 Occurrit
395 3164 486 3226 nobis
500 3164 609 3241 ingena
625 3180 818 3241 onerosaque
832 3162 939 3238 turba,

277 3248 311 3307 In
327 3268 387 3327 qua
401 3266 435 3308 se
448 3249 582 3328 primum
597 3248 728 3326 quisque
742 3264 905 3324 meumque
918 3249 1016 3324 putat.

214 3332 437 3393 5Demeruiose
454 3330 530 3393 dnos
544 3337 648 3393 votum
662 3337 728 3406 est3
751 3329 913 3399 offendere
926 3328 1035 3409 plures

276 3415 337 3478 vix
352 3422 469 3491 tutum
486 3415 593 3479 multis
605 3416 732 3477 mittere
746 3413 826 3474 dona
839 3432 932 3493 graue
947 3420 1007 3473 est.

234 3500 300 3578 Qua
315 3519 440 3581 possum
454 3499 519 3564 solu
534 3502 653 3567 veniam
670 3501 792 3561 ratione
805 3500 966 3560 merebor:

275 3584 341 3662 Nee
356 3583 478 3645 Stellae
489 3583 615 3663 turdos,
634 3603 693 3648 nec
706 3585 783 3663 tibi,
803 3582 936 3662 Flacco,
952 3580 1048 3641 (labo.
