2442 4209
146 309 189 378 34
471 309 515 372 Μ.
530 309 622 373 VAL.
637 307 866 370 MARTIALIS

229 465 299 526 Una
311 460 463 525 lavamur:
485 463 595 543 aspicit
609 459 689 522 nihil
705 481 825 539 susum,

231 547 294 609 Sed
309 553 431 628 spectat
445 545 544 606 oculis
560 546 779 607 devorantibus
796 544 926 606 draucos

231 633 296 693 Nec
311 633 419 692 otiosis
434 628 587 692 mentulas
602 629 688 691 videt
700 627 808 691 labris.

231 715 362 793 Quaeris
379 715 447 794 quis
465 715 516 774 hic
532 713 597 774 sit?
628 711 753 774 Excidit
769 714 845 773 mihi
858 731 981 775 nomeu.

607 847 727 908 XCVII.

105 1009 114 1042 A.
232 963 310 1024 Cum
325 957 456 1020 clamant
473 977 595 1037 omnes,
617 958 864 1038 loqueristunc,
886 958 1043 1041 Naevole,
1065 967 1208 1042 tantum,

272 1045 313 1105 Et
327 1051 359 1103 te
375 1049 537 1126 patronum
554 1042 802 1123 causidicumque
822 1051 921 1125 putas.
1218 1058 1219 1061 ’

231 1130 298 1190 Hac
314 1129 435 1188 ratione
450 1133 556 1208 potest
571 1145 662 1187 nemo
679 1145 739 1187 non
756 1146 826 1188 esse
841 1128 986 1192 dIsertus.

273 1213 374 1291 Ecce,
393 1217 499 1273 tacent
514 1230 637 1272 omues:
657 1209 812 1291 Naevole,
836 1212 886 1274 dic
901 1212 1028 1294 aliquid.

599 1346 736 1408 XCVIII.

231 1462 349 1540 Litigat
364 1466 397 1520 et
409 1458 545 1540 podagra
562 1459 732 1537 Diodorus,
754 1458 886 1540 Flacca,
905 1461 1037 1528 laborat.

275 1544 337 1606 Sed
358 1542 404 1604 nil
418 1551 549 1625 patrono
565 1544 713 1624 porrigit:
737 1545 814 1605 haec
828 1547 976 1627 cheragra
990 1555 1052 1612 est.

619 1691 726 1753 XCIX.

230 1804 300 1867 Non
312 1804 437 1887 plenum
456 1804 546 1866 modo
560 1807 678 1866 viciens
692 1806 846 1887 habebas,

233 1888 297 1951 Sed
311 1896 372 1950 tam
388 1888 536 1971 prodigus
551 1896 644 1970 atque
659 1890 802 1952 liberalis
968 1955 970 1957 ,

230 1975 272 2036 ut
286 1981 348 2034 tam
360 1971 462 2034 lautus
477 1992 565 2053 eras,
589 1975 724 2054 Calene,
747 1982 781 2037 ut
796 1996 903 2038 omues

232 2057 386 2138 Optarent
399 2059 458 2118 tibi
472 2059 613 2119 centiens
628 2061 725 2120 amici.

211 2141 331 2204 illudit
344 2147 415 2202 vota
430 2140 506 2203 deus
521 2138 695 2223 precesque
710 2151 833 2204 nostras

232 2227 335 2306 Atque
351 2227 450 2304 intra,
472 2233 563 2307 puto,
585 2229 733 2308 septimas
747 2226 904 2289 Kalendas

232 2311 354 2371 Mortes
368 2310 429 2370 hoc
442 2312 500 2371 tibi
517 2317 663 2391 quattuor
679 2310 843 2374 dederunt.

233 2395 275 2454 At
289 2399 323 2454 tu
337 2395 382 2455 sic
398 2395 483 2472 quasi
497 2414 559 2454 uon
573 2396 659 2456 foret
672 2394 834 2475 relictum,

230 2477 295 2539 Sed
311 2485 432 2560 raptum
447 2479 504 2539 tibi
520 2481 679 2559 centiens,
699 2481 792 2540 abisti

189 2563 264 2627 loln
278 2569 394 2624 tantam
407 2564 502 2623 miser
517 2565 736 2643 esuritionem,

231 2647 275 2708 Ut
291 2649 427 2708 convicia
443 2649 686 2727 sumptuosiora,

232 2732 314 2791 Toto
330 2750 407 2811 quae
423 2731 522 2791 semel
537 2751 666 2810 apparas
681 2733 713 2790 iu
728 2751 825 2808 anuo,

231 2815 345 2894 Nigrae
360 2813 503 2876 sordibus
519 2814 655 2895 explices
670 2823 829 2893 monetae,

230 2900 271 2961 Et
286 2905 406 2980 septem
420 2906 545 2960 veteres
559 2900 605 2959 tui
620 2898 743 2959 sodales

190 2984 415 3047 recondamus
429 2983 487 3044 tibi
500 2983 644 3064 plumbea
659 2981 785 3044 selibra.

232 3065 313 3144 Quid
328 3066 452 3147 dIgnum
466 3069 587 3128 meritis
602 3086 767 3148 precemur
781 3067 872 3128 istis?

233 3151 379 3232 Optamus
393 3153 452 3213 tibi
465 3149 605 3226 miliens,
629 3150 754 3213 Calene.

232 3237 300 3297 Hoc
316 3237 343 3296 si
355 3237 539 3315 contigesIt,
560 3238 642 3296 fame
656 3229 784 3317 peribis.

652 3371 686 3431 (l.

234 3483 383 3546 Mammas
397 3487 490 3563 atque
505 3488 584 3544 tatas
597 3481 693 3542 habet
706 3481 800 3558 Afra,
819 3477 879 3541 sed
890 3481 958 3560 ipsa
970 3487 1115 3544 tatarum

276 3568 345 3629 Ilici
362 3573 395 3628 et
408 3586 604 3628 mammarum
619 3566 746 3627 maxisua
762 3582 889 3626 mamma
904 3571 1017 3646 potest.
