2442 4209
271 336 611 401 EPIGRAMMATON
624 338 699 401 LIII.
716 340 765 403 v1.

103 492 204 554 Versus
217 491 356 551 scribere
373 489 425 570 qui
439 497 545 570 potest
559 490 712 570 disertos,

104 574 284 652 conscribat,
306 574 434 635 Laberi:
457 575 555 635 virum
570 578 694 654 putabo.

488 724 555 787 XV.

102 840 167 899 Dum
180 838 393 902 I'Imethout'eu
406 839 536 901 iormios
549 847 676 919 rugetur
689 842 722 900 iu
736 842 860 921 umbre,

135 923 280 1004 ImpIIeuIt
296 929 422 983 tenuem
436 925 542 985 sucina
556 930 642 1003 gutte
655 924 763 985 ferum.

103 1005 144 1067 Sic
155 1006 239 1068 modo
255 1025 334 1086 quoe
348 1006 452 1068 iuerat
466 1010 528 1067 vitu
543 1013 720 1088 contemptu
734 1014 894 1090 mouente,

134 1092 300 1151 Funeribus
313 1091 396 1151 Iucts
413 1097 463 1153 est
477 1111 558 1151 nuuc
572 1093 712 1172 pretioso
723 1094 796 1157 suis.

482 1255 562 1318 XVI.

104 1366 144 1426 Tu
159 1370 206 1447 qui
220 1388 302 1449 pene
315 1370 399 1429 viros
413 1374 518 1428 terres
532 1374 565 1428 et
577 1366 660 1429 falce
675 1367 838 1448 cinaedos,

135 1451 232 1531 lugere
246 1453 377 1534 sepositi
389 1472 485 1533 peuce
498 1458 588 1515 tuere
603 1450 672 1513 soli.
733 1526 738 1533 ,

104 1534 146 1595 Sio
159 1543 206 1595 tus
219 1556 280 1597 uon
295 1538 414 1597 intrent
428 1534 525 1596 retuli
540 1538 676 1617 pomerio
692 1536 796 1614 fures,

136 1618 192 1681 Sed
204 1639 282 1703 puer
296 1627 329 1685 et
342 1619 444 1701 longis
458 1619 589 1701 pulchre
602 1618 707 1702 puelle
721 1623 824 1681 oomis.

475 1770 569 1831 XVII.

105 1880 233 1959 Giuuum,
255 1882 420 1961 cinnomo,
442 1890 475 1943 te
489 1884 579 1943 Iubes
593 1883 705 1943 soceri.

103 1963 158 2023 Nou
171 1970 217 2025 est
228 1966 296 2041 hio,
318 1984 411 2045 rogo,
433 1967 548 2045 Cissus,
571 1966 801 2027 barbarismus?

103 2046 143 2108 Tu
157 2051 181 2109 si
193 2049 306 2111 Furius
322 2057 393 2110 unte
411 2050 514 2111 dietus
529 2069 631 2130 esses,

102 2131 155 2192 Iur
169 2135 224 2194 istu
238 2135 359 2195 ratione
379 2133 539 2195 dicererIs.

466 2297 573 2360 XVIII.

103 2403 199 2467 Smots
213 2405 354 2469 Saloniui
368 2412 464 2470 terris
478 2412 648 2489 requiescit
661 2412 789 2471 HiberIs

136 2490 194 2567 Qus
207 2490 320 2553 melior
336 2493 457 2573 Stygius
472 2508 535 2554 nou
552 2494 638 2555 videt
652 2495 759 2554 umbre
775 2493 892 2555 domos.

31 2628 32 2631 ,
101 2572 272 2655 Sediugere
285 2576 389 2637 neios:
411 2598 480 2637 num
493 2579 545 2656 qui
560 2585 612 2655 te,
635 2579 759 2655 PrIsoe‚
779 2576 926 2659 reliquit,

134 2658 211 2721 Vivit
224 2680 285 2741 quo
298 2659 395 2721 voluit
411 2663 515 2723 vivere
531 2660 622 2742 perte
634 2663 737 2741 magis.

484 2808 564 2868 XIX.

31 2990 32 2999 χ
102 2919 159 2979 Nou
175 2920 213 2981 de
230 2923 261 2981 vi
275 2940 377 3001 neque
393 2921 505 3000 coede,
525 2940 584 2984 uec
601 2942 739 3004 veneno,

31 3006 32 3045 ἲ
100 3002 152 3063 Sei
166 3004 203 3065 lis
220 3012 269 3066 est
284 3006 360 3065 mihi
375 3005 415 3066 de
429 3008 530 3066 tribus
546 3006 686 3087 capellis.

31 3098 32 3119 ¹
99 3086 189 3149 Vioiui
205 3108 323 3169 queror
336 3091 391 3150 Ims
407 3091 515 3150 abesse
530 3089 625 3151 furto.

98 3170 156 3233 IIoo
169 3173 260 3235 Iudex
275 3174 335 3235 sibi
347 3172 484 3254 postulet
498 3176 642 3254 probari:
831 3232 835 3238 .

83 3254 143 3316 5'I'u
158 3256 275 3318 cunnus
288 3256 599 3338 Mithridaticumque
612 3256 732 3319 bellum

98 3340 133 3401 lit
142 3344 275 3422 periurio
287 3342 398 3403 Punici
411 3343 528 3403 furoris

98 3424 134 3485 itt
144 3425 238 3487 Sullus
254 3422 434 3507 Mariosque
450 3426 635 3504 Muciosque

31 3512 34 3525 '
98 3508 196 3589 tingue
209 3528 287 3573 voce
301 3530 391 3572 sones
406 3528 559 3588 manuque
574 3516 649 3571 tots

97 3591 150 3653 lum
164 3593 226 3675 dio,
248 3595 413 3676 Postume,
428 3596 468 3656 de
483 3595 583 3657 tribus
601 3588 739 3675 repellis.
789 3675 837 3737 9*

978 340 1039 407 131
