2442 4209
184 309 225 374 70
504 309 550 372 Μ.
566 307 659 372 VAL.
675 306 902 368 MARTlALlS

266 464 320 526 Lis
337 465 415 541 erit,
435 463 556 541 ingenti
569 463 666 522 faciet
680 461 812 522 convitia
827 478 919 520 voce:

226 560 260 613 lo
305 550 385 610 Esse
402 546 502 629 pudor
515 549 616 607 vetuit
628 547 723 606 fortia
736 546 831 604 verba
843 545 929 605 milri.
1025 573 1028 580 ·

267 634 372 714 „Ergo
388 629 467 692 nihil
482 631 594 691 nobis“
607 631 710 709 inquis
725 630 920 709 „praestabis
935 630 1091 691 amicus⁴3“

309 714 467 795 Quidquid
480 713 630 793 libertus,
651 712 808 792 Candide,
830 733 892 774 non
906 715 1034 795 poterit.

639 849 761 912 XLVII.

266 966 391 1046 capena
405 963 515 1043 grandi
528 971 620 1045 porta
635 983 694 1042 qua
713 962 795 1044 pluit
810 970 897 1043 gutta

265 1049 497 1129 Phrygiumque
513 1048 626 1109 Matris
640 1046 732 1108 Almo
748 1067 808 1127 qua
821 1047 902 1108 lavat
915 1049 1051 1127 ferrum,

265 1133 467 1194 Horatiorum
483 1152 542 1211 qua
555 1134 638 1192 viret
652 1150 741 1193 sacer
756 1151 879 1212 campus

265 1218 307 1279 Et
325 1237 383 1296 qna
397 1214 502 1299 pusilli
517 1217 620 1277 fervet
633 1215 780 1277 Herculis
795 1217 914 1293 fanum,

246 1303 433 1379 ollaustiue,
454 1299 549 1381 plena
562 1301 675 1361 Bassus
688 1302 755 1361 ibat
767 1301 800 1360 in
814 1299 908 1378 reda,
948 1377 952 1380 ἢ

266 1387 381 1447 Omnes
395 1387 479 1446 beati
494 1388 597 1465 copias
610 1387 739 1446 trahens
754 1386 846 1446 ruris.

264 1469 332 1532 lllic
347 1469 471 1530 videres
484 1470 598 1530 frutice
612 1468 711 1531 nobili
726 1468 831 1530 caules

264 1557 307 1616 Et
320 1562 484 1634 utrumque
498 1574 626 1634 porrum
640 1553 829 1633 sessilesque
841 1553 978 1614 lactucas

264 1640 421 1719 Pigroque
437 1639 539 1699 ventri
552 1658 616 1698 uon
630 1640 757 1713 inutiles
773 1641 869 1699 betas.

223 1723 332 1788 lolllic
346 1743 491 1784 coronam
504 1724 669 1802 pinguibus
683 1742 807 1802 gravem
821 1721 922 1784 turdis

264 1811 483 1894 Leporemque
497 1807 615 1867 laesum
631 1807 743 1868 Gallici
758 1809 842 1868 cauis
857 1806 952 1867 dente

264 1892 470 1972 Nondumque
485 1893 566 1952 victa
577 1890 712 1952 lacteum
727 1893 799 1953 faba
812 1911 949 1973 porcum.

264 1979 330 2038 Nec
343 1978 473 2038 feriatus
487 1979 552 2037 ibat
565 1985 637 2036 ante
652 1996 825 2054 carrucam,
1013 1978 1015 1981 ’

266 2060 329 2122 Sed
343 2068 409 2121 tuta
422 2062 496 2122 feno
514 2080 623 2121 cursor
637 2080 692 2120 ova
705 2062 858 2142 portabat.

224 2154 257 2209 15
264 2145 383 2206 Urbem
396 2146 524 2225 petebat
540 2144 676 2205 Bassus?
696 2146 788 2204 immo
803 2165 856 2205 rus
871 2146 943 2204 ibat.

636 2278 769 2341 XLVlll.

264 2393 415 2474 Pauperis
430 2395 564 2455 extruxit
579 2372 709 2470 cellam,
727 2392 784 2452 sed
795 2389 937 2452 vendidit
950 2389 1029 2465 Olus

225 2563 226 2566 Ἴ
307 2476 455 2539 Praedia:
477 2497 557 2536 nunc
570 2476 681 2538 cellam
696 2477 840 2556 pauperis
859 2473 936 2536 illus
950 2476 1054 2535 habet.

645 2623 753 2684 xLiic

262 2742 436 2803 Veientana
449 2741 525 2800 mihi
539 2741 667 2816 misces,
689 2740 744 2799 ubi
758 2739 893 2803 Massica
904 2744 1010 2818 potas:

306 2824 454 2887 Olfacere
468 2825 545 2884 haec
560 2822 641 2883 malo
656 2821 785 2904 pocula,
807 2843 895 2902 quam
910 2823 1029 2884 bibere.

685 2958 720 3018 L.

263 3072 350 3132 Haec
364 3074 439 3153 tihi,
460 3092 522 3135 non
537 3071 615 3152 alia,
635 3079 685 3133 cst
699 3072 739 3133 ad
752 3091 858 3133 cenam
870 3091 960 3132 causa
974 3073 1127 3151 vocandi,

303 3156 485 3217 Versiculos
500 3160 616 3218 recites
632 3164 685 3236 nt,
706 3158 871 3236 Ligurine,
891 3163 970 3217 tuos.

261 3240 398 3319 llcposui
412 3239 531 3319 soleas,
551 3243 682 3302 affertur
695 3243 837 3323 protinas
850 3242 960 3319 ingens

303 3325 390 3384 luter
403 3323 539 3386 lactucas
554 3344 783 3405 oxygarumque
797 3323 888 3386 liber.

240 3407 355 3467 5Altcr
369 3411 558 3488 porrigitur,
580 3410 653 3470 dum
667 3408 789 3470 fercula
801 3411 902 3490 prima
918 3414 1098 3469 morantur:

305 3490 433 3553 Tertius
449 3499 512 3569 est,
534 3512 638 3574 neque
653 3492 752 3554 adlruc
767 3512 873 3554 mensa
886 3492 1022 3554 secunda
1035 3493 1137 3554 venit

260 3575 303 3636 lot
317 3583 458 3656 quartum
472 3578 587 3638 recitas
602 3589 636 3639 et
650 3579 789 3658 quintum
804 3576 940 3658 denique
954 3580 1074 3638 broma.
