2442 4209
186 324 246 390 roe
510 289 929 413 nvanmanmaurs

269 480 321 541 sta
334 486 479 560 unquam
494 475 574 539 nihtl
589 478 705 539 offeras
719 497 861 558 agesque.

270 564 304 625 SI
318 565 390 625 novi
405 563 561 625 domiuum
577 580 689 623 novem
704 581 862 640 sororum,
969 574 980 593 ·

268 646 361 711 Ultro
377 666 567 729 purpureum
581 653 671 728 petet
685 644 833 707 libellum.

677 780 742 843 VII.

271 894 412 973 Qualiter
427 897 572 975 Assyrios
586 901 739 956 renovant
751 894 897 955 Inceudia
910 894 1019 973 nidos,

311 980 380 1041 Una
396 980 505 1040 decem
519 981 664 1059 quotiens
679 976 983 1059 aemunitate,

271 1063 394 1126 Taliter
409 1070 500 1125 eruta
515 1071 565 1124 est
578 1070 720 1125 veterem
732 1082 813 1123 nova
826 1064 924 1125 Roma
937 1070 1096 1126 senectam

313 1148 355 1209 nt
370 1149 500 1229 sumpsit
511 1146 615 1219 voltus
629 1146 785 1229 praesidis
798 1149 866 1229 ipsa
883 1150 948 1210 sui,

271 1233 334 1293 Iam
347 1250 462 1313 precor
476 1231 592 1293 oblItas
605 1238 751 1310 nostrae,
772 1230 928 1309 Volcane,
953 1230 1101 1311 querelae

311 1316 426 1377 Parce:
448 1334 551 1377 sumna
566 1316 679 1376 Martia
692 1317 800 1395 turba,
822 1314 879 1376 sed
894 1323 928 1375 et
942 1316 1093 1378 Veneris:

269 1400 386 1478 Parce,
407 1407 512 1481 pater:
528 1402 573 1461 alc
588 1398 762 1460 Lemniacis
776 1398 892 1460 lasciua
906 1401 1025 1461 catenis
1137 1468 1142 1473 ἢ

311 1485 453 1563 Ignoscat
467 1484 599 1545 coniunx
615 1490 648 1543 et
660 1485 819 1563 patienter
834 1490 925 1546 amet.

666 1633 744 1696 VIII.

270 1742 414 1816 Edictum
428 1744 545 1807 domini
560 1746 674 1827 deique
689 1748 807 1822 nostri,

272 1830 339 1905 Quo
355 1828 501 1891 subsellia
515 1832 653 1891 certiora
665 1832 745 1891 liunt

269 1914 312 1974 Et
325 1933 420 1994 puros
435 1933 532 1993 eques
549 1913 677 1976 ordines
690 1917 829 1997 recepit,

271 1998 349 2058 Ilum
366 1997 474 2059 laudat
488 1998 579 2059 modo
593 2000 704 2060 Phasis
718 2002 751 2061 iu
764 2001 906 2080 theatro,

249 2081 381 2144 5I’hasis
396 2085 562 2163 parparus
578 2085 675 2145 ruber
687 2082 839 2162 lacernis,

269 2166 312 2225 Et
326 2168 421 2227 iactat
432 2166 551 2228 tumido
566 2170 720 2248 superbus
735 2186 807 2228 ore:

271 2249 434 2327 „Tandem
449 2249 638 2312 commodius
652 2250 729 2313 licet
742 2249 872 2329 sedere,

271 2332 360 2396 Nunc
373 2342 422 2397 est
436 2334 560 2396 reddita
575 2334 708 2415 dignitas
723 2337 897 2415 equestrls;

272 2418 378 2479 Turba
391 2440 454 2480 non
468 2422 653 2499 premImur,
675 2439 734 2481 nec
750 2421 946 2499 inquinamur
953 2419 984 2479 :“

230 2502 356 2563 lollaec
371 2510 404 2564 et
418 2502 493 2564 talia
508 2503 579 2564 dum
593 2504 696 2565 refert
710 2506 854 2585 supinus,

270 2584 342 2646 Illas
356 2606 528 2669 purpureas
543 2597 576 2649 et
592 2595 774 2667 arrogantes

271 2670 363 2732 Iussit
377 2690 505 2752 surgere
519 2672 627 2733 Leitus
643 2670 795 2734 lacernas.

681 2806 732 2867 IX.

272 2916 483 2995 Languebom:
505 2917 562 2978 sed
575 2926 608 2980 tu
624 2922 785 2981 comItatus
799 2921 942 3001 protinus
959 2917 1062 2979 adme

313 3000 437 3062 Venisti
453 3007 593 3081 centurn,
616 3004 814 3083 Symmache,
836 3000 1005 3083 discipulis.

273 3082 404 3145 (lentum
419 3106 468 3147 me
483 3088 619 3165 tetigere
633 3107 738 3147 manus
754 3085 900 3167 aquilone
912 3085 1051 3163 gelatae:

314 3168 383 3229 Non
398 3171 491 3231 habui
504 3170 646 3251 febrem,
667 3172 864 3252 symmache,
885 3190 966 3231 nnnc
979 3172 1091 3232 habeo.

689 3305 726 3369 X.

255 3418 256 3421 ’
271 3414 351 3476 Esse
366 3416 440 3495 quid
455 3418 515 3477 hoc
530 3401 649 3495 dicam,
662 3418 738 3477 vivis
754 3415 841 3497 quod
851 3418 933 3477 lama
947 3424 1079 3498 negatur

314 3499 357 3561 Et
373 3520 427 3561 sua
448 3499 531 3580 qnod
545 3520 635 3561 rarus
649 3508 790 3582 tempora
803 3499 906 3563 lector
920 3502 1026 3563 amati

272 3584 314 3643 Ili
330 3592 402 3645 sunt
415 3582 551 3645 invidiae
566 3586 725 3664 nimirum,
747 3584 886 3665 Regale,
907 3605 1029 3662 mores,
