2442 4209
321 330 829 394 uPiultAMMAronmn.x11.
1035 334 1097 398 283

564 531 586 592 Ι.

138 649 230 711 Retia
243 645 315 709 dum
329 652 453 709 eesssnt
465 646 695 728 latratoresque
710 645 841 709 Molossi

176 733 220 796 lit
232 751 295 793 non
308 733 434 793 invento
450 731 525 792 silva
540 732 672 811 quiescit
687 750 778 812 apro,

138 816 224 894 0tia,
245 817 371 895 l’risoe,
390 816 479 877 brevi
491 817 611 897 poteris
626 814 742 876 donare
755 813 875 877 libello.

177 902 265 961 Hora
278 919 337 961 nee
352 900 467 961 aestiva
481 904 530 960 est
543 918 602 960 neo
617 900 675 960 tibi
689 904 755 960 totu
768 900 861 981 perit.

559 1034 594 1095 ll.

137 1148 221 1225 Quae
236 1145 327 1210 modo
342 1145 474 1208 litoreos
484 1148 576 1209 ibatis
592 1147 726 1207 earmina
740 1146 877 1225 Pyrgos,

176 1232 223 1292 lte
239 1250 344 1307 saera3
362 1234 423 1293 iarn
437 1252 500 1293 non
513 1227 731 1313 pulverulenta
744 1230 791 1289 via
807 1235 865 1292 est.

547 1366 604 1430 lll..

134 1476 184 1537 Ad
197 1475 330 1557 populos
345 1477 427 1537 mitti
443 1479 496 1558 qui
509 1496 611 1560 nuper
626 1479 663 1538 ab
679 1478 757 1538 urbe
771 1474 911 1555 solebas,

174 1561 257 1639 lbis,
278 1562 327 1639 io,
348 1560 475 1627 Romam
488 1581 570 1623 nune
586 1562 754 1641 peregrine
767 1561 865 1639 liber,

135 1645 274 1707 Auriferi
289 1643 328 1705 de
347 1652 441 1725 gente
457 1646 536 1727 Tagi
550 1646 717 1725 tetricique
733 1643 871 1724 Salonis,

175 1728 237 1790 Dat
250 1730 369 1810 patrios
386 1749 491 1791 manes
506 1730 675 1811 quaemihi
689 1735 775 1790 terra
788 1735 910 1810 potens.

114 1811 204 1875 bNon
218 1820 322 1874 tamen
335 1814 450 1895 hospes
464 1816 544 1893 eris,
563 1834 623 1875 nec
639 1815 699 1874 iarn
714 1819 804 1895 potes
819 1812 936 1877 advena
951 1814 1031 1895 diei,

16 1957 17 1962 ,
178 1898 273 1958 Cuius
287 1899 384 1959 babet
400 1899 517 1960 iratres
530 1905 578 1959 tot
595 1898 702 1967 domus
718 1896 781 1958 alta
793 1898 892 1960 Remi.

16 1981 17 2030 i
133 1983 204 2043 lure
218 1990 273 2044 tuo
287 1982 464 2044 veneranda
476 1984 548 2044 novi
562 1989 637 2064 pete
651 1981 757 2043 limina
771 1981 897 2062 templi,

172 2065 308 2127 Reddita
321 2068 428 2128 Pierio
442 2074 514 2129 sunt
526 2068 581 2129 ubi
593 2064 711 2148 templs
726 2067 830 2128 choro.

130 2149 193 2213 Vel
208 2152 235 2211 si
249 2149 412 2230 malueris,
432 2154 532 2234 prima
545 2151 688 2231 gradiere
707 2151 843 2211 Subura:

96 2243 127 2297 lo
172 2236 262 2296 Atria
276 2241 349 2296 suut
361 2234 448 2296 illinc
463 2236 598 2297 eonsulis
614 2236 676 2297 alta
690 2236 760 2297 mei.

132 2318 319 2399 Laurigeros
333 2321 451 2381 habitat
466 2320 618 2382 fecundus
633 2317 733 2382 Stella
746 2326 892 2400 penates,

174 2401 286 2465 Clarus
301 2404 448 2465 lanthese
458 2403 558 2466 Stella
572 2405 678 2466 sititor
693 2423 800 2485 aquae.

130 2487 214 2548 Fons
228 2488 274 2548 ibi
287 2486 441 2549 Castalius
454 2490 555 2550 vitreo
570 2496 713 2551 torrente
727 2489 895 2570 superbus,

172 2570 263 2633 Unde
278 2591 388 2633 novem
403 2572 541 2634 dominas
557 2592 650 2655 saepe
664 2575 780 2635 bibisse
794 2573 909 2634 ferunt.

94 2654 186 2717 lbllle
202 2655 289 2717 dabit
301 2656 418 2738 populo
432 2659 634 2739 patribusque
652 2660 811 2738 equitique
824 2655 1005 2735 legendnm,
1063 2658 1067 2667 '

172 2740 237 2800 Neo
250 2741 377 2802 nimium
392 2743 482 2803 slecis
495 2741 638 2822 perleget
651 2743 719 2823 ipse
733 2743 830 2821 genis.

131 2823 212 2902 Quid
225 2822 349 2885 titulum
363 2826 489 2906 poscis?
508 2844 616 2887 versus
631 2825 692 2886 duo
706 2830 810 2887 tresve
824 2823 985 2904 legantur,

173 2907 358 2971 Clamabunt
372 2928 478 2971 omnes
492 2916 542 2989 te,
563 2908 664 2989 liber,
684 2927 754 2970 esse
770 2927 879 2970 meum.

539 3045 590 3107 lv.

134 3156 223 3234 Quod
236 3155 350 3218 Flacco
365 3157 523 3237 Varioque
538 3159 599 3219 fuit
614 3175 792 3237 summoque
807 3157 930 3217 Maroni

172 3242 356 3318 Maecenas,
377 3243 472 3302 atavis
486 3244 611 3321 regibus
626 3249 712 3303 ortus
727 3259 840 3321 eques3

131 3325 283 3386 (lentibus
299 3331 333 3385 et
345 3324 467 3406 populis
481 3327 542 3403 hoq
556 3332 589 3387 te
603 3324 697 3406 mihi,
717 3327 826 3399 Prisce
841 3326 991 3403 Terenti,

169 3409 265 3469 Fama
282 3408 379 3470 luisse
393 3408 506 3489 loquax
521 3412 689 3491 chartaque
706 3409 792 3471 dicet
805 3430 888 3471 anus.

110 3493 182 3554 b'la
196 3494 274 3554 facis
288 3495 463 3573 ingenium,
485 3503 535 3571 tu,
557 3496 584 3555 si
598 3493 673 3573 quid
686 3513 779 3576 posse
791 3494 947 3569 videmnr3

171 3578 221 3638 Tu
238 3576 459 3661 dasQngenuae
474 3581 522 3639 ius
538 3580 612 3640 mibi
627 3580 784 3660 pigritiae.
