2442 4209
278 346 621 410 EPIGRAMMATCN
633 347 709 409 LIB.
724 348 761 410 II.
864 349 869 354 ’
997 345 1043 412 47

471 549 567 612 XXX.

96 665 194 727 Mutua
207 665 318 741 alginti
335 668 479 727 sestertia
494 665 577 725 forte
592 667 753 743 rogabam,

133 750 211 826 Quae
225 747 276 808 vel
293 748 418 809 donanti
433 770 494 810 non
511 767 602 827 grave
617 768 724 808 munos
740 756 814 812 erat.

98 833 206 914 QnIppe
220 835 389 912 rogabatur
403 833 540 914 felixque
554 840 704 912 vetusque
719 832 832 894 sodalis

130 917 267 978 Etonins
281 916 364 979 laxas
380 938 449 978 arca
464 914 604 996 flagellat
617 936 701 998 opes.

81 1001 122 1062 tls
134 1001 203 1061 mihi
218 1003 335 1081 „Dives
350 1003 429 1079 eris,
452 1003 478 1062 si
493 1021 598 1062 causas
614 1000 738 1082 egeris“
753 1001 862 1080 inquit.

134 1085 217 1162 Quod
233 1091 309 1167 peto
325 1085 377 1164 da,
400 1087 472 1146 Gal:
492 1105 554 1145 non
569 1091 644 1167 peto
660 1082 829 1146 eonsilium.

469 1233 577 1295 XXXI.

99 1344 186 1427 Saepo
204 1365 266 1426 ego
281 1347 477 1407 Chrestinam
497 1349 585 1408 fatui.
620 1347 682 1406 Det
697 1348 881 1426 quambene
897 1345 1046 1427 quaerls‘t
1097 1411 1101 1417 .

133 1430 226 1512 Sapra
242 1430 326 1510 qnod
339 1431 411 1492 lieri
423 1430 486 1509 nil,
508 1432 667 1510 Marione,
688 1437 801 1511 potest.

461 1592 583 1655 XXXII.

97 1701 141 1764 LIs
152 1705 225 1765 mihi
241 1724 310 1766 enm
325 1705 420 1766 Balbo
437 1714 501 1785 est,
517 1715 550 1767 tu
565 1704 692 1766 Balbum
709 1703 871 1766 offendere
886 1723 948 1764 non
962 1706 1018 1784 vis,

131 1788 272 1850 Pontice:
286 1809 354 1849 oum
364 1789 472 1850 Licino
483 1797 541 1868 est,
553 1792 604 1852 hic
616 1807 739 1869 quoqne
750 1809 874 1868 magnus
885 1789 976 1849 homo
985 1795 1045 1850 est.

98 1870 185 1932 Vexat
198 1891 293 1953 saepe
308 1892 409 1933 meum
424 1874 575 1934 Patrobas
590 1875 719 1934 confinis
735 1872 884 1953 agellum,

132 1956 243 2017 Contra
257 1957 405 2018 libertum
422 1957 564 2018 Caesaris
577 1959 624 2018 ire
641 1960 741 2019 times.
979 2033 982 2038 1

82 2039 227 2118 bllbnegat
244 2047 278 2102 et
292 2043 410 2102 retInet
425 2048 562 2102 nostrum
577 2041 710 2102 Laronia
723 2060 862 2120 serrum,

132 2123 312 2206 Respondes
328 2125 435 2203 „Orba
450 2133 514 2206 est,
536 2126 638 2204 dives,
661 2145 751 2204 anns,
772 2125 896 2187 ridua.“

99 2203 154 2266 Non
168 2209 268 2288 bene,
290 2208 489 2287 medemini,
513 2229 601 2270 servo
617 2211 750 2270 servitor
766 2212 878 2270 amloo:
948 2276 952 2280 Α

133 2290 176 2350 Sit
188 2292 290 2372 liber,
314 2292 453 2353 dominos
470 2296 522 2372 qui
536 2292 620 2354 volet
636 2308 705 2354 esse
720 2313 815 2357 mens.

453 2441 587 2503 XXXIII.

99 2550 225 2613 Cornan
240 2555 327 2613 basio
343 2562 392 2634 te,
408 2552 576 2615 Philaeni?
592 2555 676 2615 calva
690 2574 734 2616 es.

99 2633 152 2694 Cnr
164 2656 225 2696 non
239 2639 326 2697 basio
342 2644 392 2717 te,
408 2636 574 2699 Philaeni?
590 2639 659 2697 rufa
674 2657 718 2699 es.

99 2719 152 2779 Cor
164 2739 223 2779 non
239 2722 326 2781 basio
342 2728 393 2801 te,
407 2721 574 2783 Philaeni?
589 2720 674 2781 Insoa
690 2741 732 2782 es.

99 2802 171 2863 Ilaec
185 2805 237 2883 qui
251 2805 366 2884 basiat,
390 2826 408 2866 o
422 2804 580 2883 Philaeni,
601 2804 700 2866 fellat.

453 2969 590 3060 xxxry.

102 3075 166 3138 Com
180 3079 304 3160 placeat
318 3080 462 3142 Phileros
476 3088 541 3142 tota
555 3083 614 3142 tibi
631 3080 704 3141 alote
719 3078 919 3159 redemptas,

134 3162 202 3224 Tm
217 3167 336 3246 paterIs
350 3172 457 3244 natos,
478 3165 582 3243 Galla,
604 3165 711 3245 perire
726 3165 817 3225 fame.

100 3243 266 3310 Praestotnr
281 3269 356 3310 cano
371 3256 457 3310 tanta
471 3249 664 3328 Indulgentla
679 3268 796 3324 cunno,

134 3332 226 3408 Quem
240 3353 299 3393 nee
314 3340 398 3394 casta
411 3340 517 3414 potest
529 3336 589 3394 iam
605 3332 747 3394 decuisse
762 3333 876 3393 Venus.

87 3411 274 3496 iPerpetnam
290 3417 324 3478 di
337 3423 370 3478 te
385 3419 499 3478 faciant
512 3416 681 3478 Philerotis
698 3416 841 3492 amicam,

133 3499 156 3561 0
170 3509 286 3582 mater,
310 3522 369 3582 qna
382 3519 441 3562 nee
453 3502 563 3563 Pontia
579 3501 726 3562 deterior.
