2442 4209
149 298 212 363 ror
474 288 872 385 nvrnrnnprrns

625 492 719 556 XLV.

234 610 376 674 Haedina
388 613 447 672 tibi
465 608 549 693 pelle
565 609 745 687 contegenti

234 695 341 757 Nudae
354 702 496 776 tempore
510 695 722 772 verticemque
736 688 856 770 culae,
926 748 931 759 ,

233 780 361 841 Fertive
375 781 451 857 tibi,
471 779 616 856 Phoebe,
640 776 719 837 dixit
731 774 804 854 ille,

234 864 294 941 Qui
310 864 388 925 dlxlt
401 868 493 945 euput
509 880 579 923 esee
594 859 765 922 orloiutum.

624 995 731 1059 XLVI.

236 1108 385 1173 Vendunt
399 1110 533 1170 carmine
549 1107 656 1169 (lullus
673 1114 706 1167 et
721 1106 889 1185 Lupercus.

235 1196 348 1274 Senon,
371 1193 522 1272 cleonice,
541 1204 623 1252 nuno
637 1210 716 1271 nego
729 1196 848 1271 poetar.

609 1326 730 1389 XLVll.

237 1440 382 1504 Difficilis
396 1440 513 1519 fuollir,
533 1441 683 1502 iucundo·
700 1440 829 1501 ueerbuu
845 1456 879 1498 ει
894 1436 992 1498 idem:

277 1525 343 1587 Neo
357 1532 460 1586 tecum
476 1544 600 1606 poerrnn
614 1526 735 1613 rivere,
757 1541 818 1584 nee
830 1524 897 1583 sine
912 1529 954 1585 te.

602 1668 736 1731 XLVlIl.

237 1782 363 1844 Boletos
381 1787 415 1843 et
430 1800 536 1862 uprum
551 1782 577 1841 ei
592 1788 736 1860 tunquam
750 1778 822 1841 villu
836 1781 943 1859 ponit,

278 1868 321 1928 Et
332 1886 394 1927 non
408 1883 478 1925 erse
492 1872 581 1944 putee
595 1866 673 1924 haec
688 1883 756 1925 meu
770 1870 855 1941 vote,
877 1862 958 1925 volo.
1066 1902 1068 1907 ,

238 1950 272 2011 Si
285 1951 476 2012 fortunatum
491 1949 562 2009 lieri
575 1965 625 2007 me
643 1947 746 2008 eredis
761 1953 793 2008 et
807 1949 901 2008 heres

279 2034 336 2096 vis
351 2035 446 2094 scribi
461 2038 593 2113 propter
608 2034 745 2112 quinque
760 2032 910 2114 Lucrino,
931 2028 1007 2091 vole.

124 2122 130 2133 '
214 2118 333 2180 5Luutu
348 2124 451 2178 tomen
467 2135 544 2177 oenu
558 2121 623 2177 eet:
644 2115 762 2195 fateor,
784 2115 970 2194 lentiorima,
991 2112 1044 2177 sed
1058 2132 1118 2175 erut

273 2200 331 2261 Nil
344 2203 421 2278 erit,
437 2202 534 2267 ‚immo
548 2198 660 2277 hodie,
680 2201 822 2281 protinus
836 2201 928 2260 immo
942 2199 1034 2278 nihil,

237 2284 326 2362 Quod
343 2286 421 2345 solut
434 2282 545 2344 infelix
558 2282 718 2345 dumnotoe
732 2285 861 2365 rponglu
873 2285 994 2364 virgae,

279 2369 341 2433 Vel
356 2369 532 2449 quicunque
546 2370 632 2429 cuuis
645 2369 810 2449 iunctoque
824 2371 995 2429 tentoriae.

237 2452 409 2515 Mullorum
422 2451 628 2534 leporumque
641 2459 675 2512 et
689 2454 815 2514 ruminio
830 2454 930 2514 exitur
945 2454 997 2513 hie
1010 2458 1071 2530 ert,

196 2549 230 2602 10
283 2536 538 2618 Sulphureusque
553 2535 642 2597 color
656 2538 878 2616 carnificesque
892 2536 999 2617 peden.

237 2621 305 2681 Non
321 2620 440 2682 Albona
454 2621 529 2680 milri
544 2621 585 2679 rit
598 2621 773 2681 comlrsetio
788 2622 883 2699 tenti,

281 2704 346 2765 Nee
361 2703 555 2786 Capitolinae
570 2705 811 2785 pontificumque
826 2704 930 2784 dapes.

239 2789 372 2867 lmputet
384 2790 452 2869 ipse
467 2787 544 2848 deus
560 2795 666 2848 nector
682 2790 774 2867 mihi,
796 2791 852 2851 liet
865 2797 1001 2867 ueetum,

279 2873 321 2932 Et
335 2872 477 2936 Vrtleuui
490 2870 610 2954 perfidu
623 2884 720 2952 ruppe
734 2872 811 2934 cudi.

197 2967 229 3020 15
238 2957 386 3017 Convivae
401 2956 477 3018 ullor
493 2975 637 3016 cenerum
653 2974 768 3036 quaere
783 2958 946 3036 magister,

281 3040 364 3116 Quos
380 3041 501 3120 eupiunt
515 3058 639 3101 menore
653 3058 750 3118 regnu
764 3042 898 3121 ouperbu
912 3049 992 3103 tuoe.

133 3182 146 3206 ,
237 3123 293 3185 Me
304 3143 391 3185 meus
405 3122 443 3183 ud
458 3125 573 3185 subitus
586 3125 698 3184 inritet
714 3126 828 3186 ornieuo
843 3124 967 3186 ofellae:

280 3207 367 3268 Hueo
380 3209 470 3286 mihi,
491 3227 581 3289 quom
594 3226 718 3287 possum
733 3207 885 3287 reddere,
908 3228 983 3270 eene
996 3208 1105 3290 plueet.

609 3335 715 3398 XLIX.

238 3449 377 3511 crinitae
391 3450 470 3512 Line
484 3448 662 3531 paedogoge
676 3451 803 3528 turbae,

238 3534 354 3594 Rerum
370 3552 460 3613 quem
475 3533 630 3596 dominum
645 3543 733 3594 vocat
748 3553 871 3595 suarum
903 3558 907 3565 ⁴
