2442 4209
84 342 146 408 lto
408 340 452 403 Μ.
469 338 559 403 VAL.
576 337 804 412 otheninus

546 540 673 604 XXXV.

168 660 245 719 lium
261 660 321 721 sihi
335 657 442 719 redire
460 656 500 718 dc
517 657 718 718 Patrensibus
733 654 839 716 landis

169 743 293 803 Ducena
308 740 420 804 clamat
434 742 610 802 coccinatus
624 738 773 801 Euclides

169 826 395 906 Corinthioque
410 824 499 906 plura
518 824 558 885 de
573 826 750 886 suburbano

168 911 369 990 Longumque
382 908 515 991 pulchra
529 915 657 970 stemma
670 910 789 989 repetit
804 906 917 967 aLeda

145 996 210 1056 alet
224 996 385 1055 suscitanti
400 994 492 1054 Leito
506 991 697 1054 reluctatur:

169 1080 276 1159 Equiti
291 1080 445 1161 superbo,
466 1076 581 1155 nohili,
600 1074 755 1158 locupleti

171 1162 295 1224 (iecidlt
309 1170 442 1244 repente
457 1180 566 1239 magna
582 1160 622 1221 de
637 1162 707 1222 sinu
722 1158 827 1222 clavis.

169 1247 347 1327 Nunquam,
367 1242 517 1325 Fabulle,
538 1246 672 1326 nequior
686 1246 746 1305 fnit
762 1246 863 1307 clavia.

538 1380 677 1443 XXXVI.

170 1495 323 1561 Laudatus
339 1499 446 1554 nostro
461 1493 600 1572 qnidam,
622 1492 786 1571 Faustino,
806 1489 918 1553 libello

211 1576 407 1656 Dissimulat,
429 1578 515 1658 qnasi
530 1576 576 1637 nil
590 1577 719 1639 dehent:
741 1578 895 1658 imposuit.

529 1710 683 1776 XXXVll.

171 1826 280 1889 Puella
294 1827 419 1887 senibus
433 1824 555 1887 dulcior
571 1827 647 1886 mihi
662 1828 784 1905 cygnis,

133 1910 141 1927 “
172 1912 260 1991 Agna
275 1910 401 1972 Galaesi
416 1909 539 1970 mollior
552 1907 746 1988 Phalantini,

173 1996 299 2055 Goncha
313 1994 440 2055 Lucrini
455 1993 620 2055 delicatior
635 1996 752 2075 stagni,

172 2079 230 2138 Cui
245 2097 303 2139 nec
317 2075 441 2159 lapillos
455 2079 618 2159 praeferas
631 2080 840 2159 Erythraeos,

151 2162 240 2226 5Nec
255 2160 346 2222 modo
360 2160 490 2243 politum
505 2162 635 2243 pecudis
651 2164 776 2224 lndicae
790 2163 917 2223 dentem

171 2245 326 2327 Nivesque
340 2248 453 2327 primas
466 2246 631 2329 liliumque
645 2268 708 2307 non
720 2254 852 2321 tectum3

172 2331 258 2408 Quae
273 2333 359 2392 crine
375 2332 449 2391 vicit
461 2333 580 2393 Baetici
595 2333 700 2411 gregis
713 2332 811 2393 vellus

171 2416 337 2494 Rhenique
350 2415 449 2475 nodos
463 2434 650 2495 aureamque
665 2415 821 2491 nitellam;

173 2499 337 2579 Fragravit
351 2518 423 2579 ore,
445 2500 528 2579 qnod
544 2502 696 2561 rosarium
711 2502 832 2578 Paesti,

130 2595 164 2647 lo
173 2584 263 2659 Quod
277 2586 450 2645 Atticarum
466 2586 566 2665 prima
581 2583 674 2645 mella
688 2605 845 2663 cerarum,

172 2668 262 2745 Quod
280 2670 455 2730 sucinorum
469 2675 559 2750 rapta
573 2669 614 2729 de
629 2689 719 2729 mann
734 2669 839 2749 gleha;

172 2752 230 2813 (ini
246 2759 439 2834 comparatus
453 2752 603 2813 indecens
619 2760 688 2814 erat
701 2773 812 2834 pavus,

169 2837 342 2898 inamabilis
356 2838 475 2898 sciurus
494 2844 527 2897 et
541 2838 692 2917 frequens
706 2838 858 2918 phoeniss

171 2920 281 2981 Adhuc
296 2923 418 2982 recenti
432 2928 522 3002 tepet
535 2922 669 2982 Erotion
685 2925 791 3001 husto,
827 2934 837 2952 ⁴

131 3015 163 3068 15
171 3005 267 3081 Quam
282 3008 486 3087 pessimorum
499 3005 551 3067 lex
565 3026 667 3067 amara
682 3007 816 3066 fatorum

170 3089 265 3150 Sexta
279 3092 403 3170 peregit
416 3092 536 3169 hieme,
558 3110 620 3151 nec
633 3098 737 3151 tamen
751 3097 836 3168 tots,

170 3172 301 3234 Nostros
316 3193 437 3235 amores
453 3175 657 3255 gaudiumque
670 3176 827 3255 lususque.

169 3258 212 3318 Et
226 3276 303 3318 csse·
312 3260 434 3320 tristem
451 3280 500 3321 me
515 3260 842 3336 monumentorum,

168 3342 345 3421 Pectusque
362 3343 488 3424 pulsans
503 3347 623 3425 pariter
636 3351 671 3405 et
685 3364 803 3405 comam
816 3341 953 3406 vellens:

127 3426 314 3506 20„l)ell'ere
333 3447 394 3488 non
410 3434 442 3489 te
455 3428 602 3490 vernulae
616 3428 714 3509 pudet
727 3430 881 3489 mortem?

170 3513 237 3591 Ego
254 3514 437 3591 coniugem“
451 3516 553 3593 inquit
567 3513 735 3592 „extollet
748 3521 852 3574 tsmen
865 3514 952 3591 vtro,

170 3598 295 3677 Notam‚
319 3600 500 3677 superbam,
522 3596 677 3677 nobilem,
699 3595 923 3689 locupletem.“
