2442 4209
127 382 165 446 16
447 381 491 450 M,
507 381 842 444 iunctissimus

209 536 292 614 Quid
307 535 430 615 (lignum
445 542 533 600 tanto
549 537 606 596 tibi
626 541 734 595 ventre
749 534 882 616 gulaque
897 536 1079 616 precabor?

251 619 393 681 Boletum
408 619 528 700 qualem
544 618 690 716 Claudius
706 619 788 697 edit,
811 619 894 680 edes.

506 801 507 804 ,
602 754 682 816 XXl.

209 871 285 931 (lum
299 874 425 949 peteret
439 887 544 946 regem
560 867 691 948 decepta
706 867 843 929 satellite
858 867 982 946 dextra,

248 955 379 1032 Ingessit
393 954 488 1013 sacris
503 971 537 1014 se
551 953 691 1032 periture
704 953 792 1013 focis.

208 1037 272 1098 Sed
284 1046 346 1098 tam
361 1056 449 1098 saeve
463 1038 531 1116 pius
547 1036 693 1097 miracula
706 1056 768 1097 non
785 1035 857 1096 tulit
871 1037 968 1097 hostis

248 1123 290 1182 ut
305 1129 426 1203 raptum
440 1123 568 1181 flammis
583 1123 673 1181 iussit
688 1123 774 1182 abire
788 1123 897 1186 virum.

186 1208 311 1268 5Urere
326 1226 414 1286 qnam
429 1207 531 1286 potuit
548 1212 725 1285 contempto
740 1206 864 1266 Mucius
877 1207 958 1286 igni,

249 1291 337 1351 Hanc
356 1297 498 1372 spectare
514 1310 637 1350 manum
649 1290 788 1349 Porsena
802 1309 865 1350 non
878 1293 990 1371 potuit.

207 1375 309 1438 Maior
325 1374 474 1456 deceptae
487 1375 566 1435 fama
579 1381 628 1434 est
642 1381 675 1434 et
688 1372 788 1452 gloria
803 1372 946 1436 dextrae:

249 1461 282 1520 Si
297 1479 358 1519 non
373 1464 525 1536 errasset,
545 1460 665 1519 fecerat
679 1456 734 1519 illa
749 1460 856 1518 minus.

593 1593 684 1654 XXll.

208 1706 289 1785 Quid
305 1725 368 1766 non
384 1723 473 1764 saeva
487 1704 567 1783 fugis
583 1703 700 1784 placidi
714 1703 803 1786 lepus
818 1703 1010 1765 araleonis?

248 1792 408 1870 Frangere
425 1795 486 1850 tam
502 1808 610 1869 parvas
626 1807 687 1848 non
703 1787 847 1849 didicere·
859 1789 953 1852 feras.

207 1877 374 1936 Servantur
392 1875 508 1953 magnis
522 1875 575 1934 isti
591 1874 762 1934 ceruicibus
776 1893 893 1951 ungnes

247 1961 311 2020 Nec
326 1958 439 2038 gaudet
453 1960 539 2018 tenui
555 1958 703 2036 sanguine
716 1964 800 2017 tanta
814 1959 890 2018 sitis.

186 2043 326 2104 5Praeda
343 2062 450 2103 canum
464 2040 552 2122 lepus
567 2047 631 2118 est,
652 2049 754 2102 vastos
768 2062 829 2102 non
845 2042 955 2124 implet
968 2044 1089 2103 lrietus:

246 2127 314 2186 Non
328 2127 440 2192 timeat
452 2127 550 2185 Dacus
567 2127 707 2186 Caesaris
723 2147 804 2186 arma
818 2146 906 2207 puer.

593 2277 699 2339 XXlll.

204 2388 317 2448 Invitas
331 2387 447 2449 nullum
463 2390 524 2448 nisi
540 2409 606 2449 cnm
624 2410 700 2468 qno,
723 2389 831 2468 Cotta,
852 2390 963 2452 lavaris

247 2473 289 2532 Et
304 2471 377 2532 dant
391 2473 545 2533 convivam
561 2473 672 2534 balnea
687 2473 754 2534 sola
768 2476 835 2536 tibi.

204 2557 358 2636 Mirabar,
382 2576 476 2637 quare
490 2579 644 2638 nunquam
659 2577 725 2638 me,
748 2560 856 2638 (lette,
879 2580 1035 2622 vocasses:

247 2642 307 2702 lam
323 2642 400 2720 scio,
422 2661 471 2703 me
485 2641 599 2704 nudum
615 2641 810 2724 displicuisse
824 2645 890 2705 tibi.

589 2778 698 2840 XXlV.

205 2893 327 2972 Aspicis
341 2895 506 2974 incomptis
521 2893 626 2968 illum,
648 2895 800 2973 Deciane,
823 2894 963 2976 capillis,

249 2975 343 3039 Cuius
359 2985 391 3038 et
405 2980 473 3059 ipse
491 2979 582 3038 times
597 2979 690 3039 triste
707 2979 922 3060 supercilium,

207 3060 265 3135 Qui
280 3058 417 3140 loquitur
432 3063 793 3144 Curios'assertoresque
807 3064 977 3126 Camillos?

246 3143 350 3206 Nolito
365 3147 462 3207 fronti
477 3146 623 3207 eredere:
643 3149 747 3228 nupsit
758 3144 836 3208 heri.

588 3282 685 3345 XXV.

205 3394 273 3456 ude
291 3402 360 3456 tuos
375 3394 499 3456 tandem
513 3394 646 3477 populo,
668 3397 833 3476 Faustine,
853 3394 978 3458 libellos

246 3479 288 3540 Et
303 3477 416 3540 cultum
432 3479 522 3540 docto
532 3488 668 3562 pectore
682 3482 791 3562 profer
806 3501 898 3562 opus,

206 3562 295 3641 Quod
309 3583 368 3637 nec
383 3565 555 3646 Cecropiae
572 3564 718 3626 damnent
731 3564 899 3628 Pandionis
914 3585 1002 3627 arces

245 3649 310 3709 Nec
325 3648 437 3710 sileant
451 3651 551 3710 nostri
565 3655 827 3730 praetereantque
842 3670 941 3712 senes.
