2442 4209
151 327 215 392 180
273 345 281 355 ·
478 326 523 389 Μ.
538 326 631 389 VAL.
649 326 880 388 MAIITIALIS

637 530 718 592 XIX.

239 642 362 723 Pauper
375 642 476 703 videri
492 645 591 706 Girrna
604 642 685 718 volt3
706 652 739 703 ot
753 651 803 704 ert
815 663 945 725 pauper.

642 778 710 840 XX.

238 876 316 938 Gom
330 876 425 937 Iaoiaa
440 896 548 938 vorans
562 877 649 939 nulla
664 898 726 938 non
741 877 812 939 Iooe
828 877 983 955 ducenor,

280 961 379 1039 Varo,
400 962 478 1022 nthl
493 964 617 1026 recitar.
648 963 717 1023 Non
733 964 831 1044 sapio,
855 970 949 1042 atque
963 962 1052 1042 sapio.

636 1096 716 1157 XXI,

236 1194 438 1275 Phosphoro,
460 1194 559 1255 redde
574 1194 671 1256 diem:
696 1194 772 1274 quial
783 1194 894 1273 gandia
908 1203 1016 1257 nostra
1028 1198 1157 1258 moraris?

280 1280 415 1340 Caesare
430 1286 578 1358 venturo,
600 1280 801 1359 Phosphoro,
823 1278 923 1339 redde
939 1278 1030 1344 diem.

237 1362 333 1423 lloma
346 1370 444 1441 rogat.
474 1362 594 1424 Placidi
608 1362 758 1443 numquid
771 1371 804 1424 to
818 1364 908 1444 pigra
922 1365 1040 1426 Bootae

280 1446 422 1507 Plaustra
435 1448 567 1526 vehunt,
587 1447 676 1509 lento
692 1446 776 1527 qnod
788 1449 880 1507 nlmio
895 1467 952 1509 axe
966 1452 1073 1511 venia?

215 1530 361 1593 aLedaeo
376 1537 502 1611 poteras
518 1532 673 1593 abducere
689 1530 838 1611 Cyllaron
852 1539 953 1592 astro:

279 1615 349 1694 Ipae
365 1635 420 1675 auo
437 1615 530 1677 cedet
544 1637 625 1677 nnnc
641 1618 699 1677 tihi
715 1617 827 1677 Castor
842 1635 931 1695 equo.

238 1699 319 1775 Quid
337 1700 481 1779 cupidum
497 1701 610 1761 'l‘itana
624 1701 738 1761 tenea?
763 1701 825 1759 Iam
839 1700 981 1762 Xanthus
997 1707 1030 1761 ot
1043 1700 1153 1762 Aethon

277 1783 383 1844 Frena
395 1782 520 1861 volunt,
541 1783 651 1863 vigilat
665 1785 843 1845 Memnonia
856 1784 934 1845 alma
949 1804 1072 1867 parona.

238 1867 342 1927 Tarda
357 1875 459 1927 tamen
474 1867 591 1929 nitidae
606 1889 669 1929 non
685 1868 801 1929 cedunt
815 1869 920 1929 sidera
935 1868 1000 1930 lnoi

196 1960 231 2015 lo
279 1952 321 2011 Et
338 1954 423 2032 cupit
438 1954 608 2013 Auroninm
622 1951 697 2013 luna
709 1953 818 2013 videre
833 1952 953 2015 ducem.

236 2035 313 2112 lam,
334 2037 465 2115 Caesar,
487 2035 537 2097 vol
551 2044 645 2097 nocte
659 2039 746 2098 venir
768 2044 854 2099 stent
869 2045 954 2098 astra
966 2037 1091 2115 licebit,

278 2118 347 2179 Non
364 2118 466 2182 deerit
480 2121 597 2202 populo
612 2130 645 2183 te
660 2124 806 2183 veniente
821 2122 898 2183 (lieo.

630 2255 724 2317 XXII.

239 2367 351 2427 Invitas
366 2365 405 2427 ad
420 2388 542 2448 aprum,
564 2372 655 2449 poni·
670 2371 762 2448 mihi,
782 2368 919 2448 Gallice,
941 2388 1081 2449 porcum.

198 2466 203 2475 ·
279 2449 412 2512 Hibrida
427 2471 510 2532 anm,
533 2454 560 2556 ai
575 2453 646 2532 das,
668 2452 807 2532 Gallice,
827 2456 921 2513 verba
935 2454 1028 2549 inihi.-

626 2587 735 2650 XXIII.

237 2686 315 2747 ane
329 2688 387 2747 tibi
401 2685 509 2748 videor
525 2707 633 2748 naevus
649 2691 838 2768 nimiamque
854 2686 996 2765 gulosus,
1045 2747 1051 2752 .

279 2770 339 2846 Qui
353 2778 484 2852 propter
499 2790 622 2851 cenam,
642 2773 786 2851 Rustica,
810 2771 905 2832 caedo
922 2791 1041 2835 cocum.

238 2855 271 2915 Si
285 2852 364 2915 Iovia
378 2857 439 2915 iata
453 2856 511 2917 tibi
526 2858 694 2935 flagrorum
710 2877 799 2917 oanaa
813 2856 955 2933 videtui,

278 2939 326 2999 Ex
343 2959 402 3018 qna
417 2940 462 3000 via
477 2960 567 3001 cansa
580 2940 708 3022 vapulet
722 2960 797 3021 ergo
814 2942 930 3001 cocus?

641 3076 754 3140 XXIV.

237 3172 270 3232 Si
290 3172 364 3251 quiri
377 3174 462 3233 forte
476 3180 581 3254 potam
594 3173 704 3235 ilmirio
718 3173 889 3253 gracilique
902 3171 1034 3252 libello,

280 3257 423 3338 Improba
437 3277 499 3317 non
517 3258 616 3319 inerit
630 3261 657 3318 si
671 3276 740 3318 mea
754 3260 879 3335 charta,
902 3257 984 3319 dato.

238 3341 319 3401 Etsi
334 3360 396 3400 non
411 3341 554 3422 dadorIa,
578 3344 710 3421 Gaeaar,
732 3345 880 3423 permitte
894 3344 1014 3421 rogorI:

281 3425 453 3487 Offendunt
466 3446 623 3506 nunqnam
637 3435 708 3487 tura
721 3446 896 3507 procosque
911 3428 1025 3490 lovem.

216 3510 299 3587 5Qni
313 3511 404 3588 fingit
417 3531 522 3571 sacros
538 3532 611 3572 auro
628 3510 679 3571 vel
694 3531 847 3572 marmore
861 3512 980 3586 voltis,

278 3594 348 3655 Non
363 3595 438 3653 facit
452 3593 507 3654 ille
522 3594 615 3655 deor:
636 3599 688 3675 qni
704 3604 810 3675 rogat,
831 3596 887 3657 ille
902 3594 987 3657 facit.
