2442 4209
272 329 613 393 EPIGRAMMATON
626 333 700 396 Llli.
717 334 767 397 lll.
998 336 1044 403 81

99 485 194 544 Pectus
211 482 353 563 cicadae,
371 502 442 544 crus
458 482 608 565 colorque
623 485 788 565 formicae,

99 568 284 647 Rugosiorem
300 587 368 629 cum
383 586 473 647 geras
488 566 569 629 stola
582 568 719 629 frontem

83 653 132 714 sut
144 664 320 713 araneorum
334 652 471 713 cassibus
486 672 578 733 pares
592 672 754 729 mammas;

98 737 161 797 Cum
176 743 348 817 comparata
364 737 493 798 rictibus
509 738 570 797 tuis
588 756 643 797 ora

97 820 216 881 Niliacus
230 822 345 882 habeat
362 819 537 882 corcodilus
555 826 683 899 angusta

96 904 255 984 Meliusque
271 924 365 966 rsnac
380 907 516 984 garriant
531 906 724 965 Rauennates

97 989 129 1048 Et
143 990 285 1049 Atrianus
298 987 421 1049 dulcius
437 988 525 1050 culex
540 995 645 1049 cantet

66 1068 257 1152 lWideasque
274 1081 418 1152 quantum
433 1079 564 1133 noctuae
580 1071 687 1133 vident
701 1091 809 1151 manc,

97 1157 130 1216 Et
141 1155 215 1217 illud
232 1156 317 1218 oleas
336 1155 418 1236 quod
431 1158 490 1217 riri
506 1154 709 1236 capellarum,

97 1242 129 1300 nt
147 1244 240 1302 anatis
255 1242 369 1302 babeas
386 1241 601 1321 orthopygium
616 1259 736 1301 macrae

97 1326 257 1405 Senemque
273 1326 422 1405 Cynicum
437 1326 538 1385 vincat
554 1344 660 1385 osseus
675 1344 809 1401 cunnus;

98 1410 205 1471 (inmte
219 1408 350 1470 lucerna
364 1406 527 1469 balneator
542 1410 677 1469 extincta

67 1492 233 1555 iiddmittat
245 1495 331 1554 iuter
349 1494 522 1555 bustuarias
536 1493 697 1567 moechm

97 1578 161 1638 Cum
174 1580 282 1638 bruma
296 1596 434 1639 mensem
451 1579 493 1637 sit
507 1578 563 1637 tibi
578 1596 637 1657 per
653 1577 821 1655 Augustum

95 1660 235 1741 Regelare
249 1681 309 1722 nec
324 1668 356 1723 te
370 1660 566 1742 pestilenties
581 1661 696 1741 possit:

95 1746 190 1807 Audes
205 1746 355 1822 ducentas
369 1746 515 1826 nuptuire
530 1752 603 1826 post
618 1752 736 1805 mortes

95 1830 253 1909 Vimmque
270 1830 399 1891 demens
416 1830 572 1891 cineribus
586 1830 647 1890 tuis
664 1828 786 1909 quaeris

63 1914 220 1978 itlrnrire.
250 1914 350 1995 Quid,
374 1914 497 1975 intuere
512 1915 579 1993 quis
593 1911 671 1973 velit
686 1910 813 1972 saxum?

95 1998 159 2073 Quis
173 2001 335 2079 coniugem
349 2005 399 2076 tc,
423 2000 491 2078 quis
503 1999 625 2059 uocabit
638 2013 782 2072 uxorem,

95 2080 275 2145 Philomelus
289 2086 384 2145 auiam
400 2102 489 2163 quam
503 2088 664 2143 vocaverat
679 2078 801 2160 nuperi

95 2166 213 2243 Quodsi
229 2167 359 2229 cadarcr
373 2169 469 2246 exigis
483 2176 568 2227 tuum
583 2165 695 2246 scalpi,

94 2249 249 2313 Sternatur
267 2273 284 2312 a
299 2251 414 2319 Coride
429 2249 630 2311 archiciinico
642 2249 761 2326 lectus,

62 2334 297 2398 io'i'alassionem
312 2338 463 2417 quituum
479 2334 572 2397 decet
587 2332 688 2412 solus,

93 2419 240 2499 Ustorque
255 2420 362 2483 taedas
379 2420 538 2501 praeierat
552 2438 649 2480 novae
664 2422 792 2496 nuptae:

92 2500 202 2565 lutrare
216 2506 249 2566 in
263 2506 357 2566 istum
373 2504 437 2567 sola
452 2506 502 2565 lox
516 2509 621 2584 potest
635 2519 776 2565 cunnum.

464 2638 571 2701 xc1v.
669 2635 672 2642 ’

91 2750 161 2813 Esse
174 2770 269 2832 negas
285 2759 406 2812 coctum
421 2749 563 2832 leporem
578 2755 744 2834 poscisque
758 2757 888 2836 flagella.

127 2836 241 2915 Masis,
262 2835 361 2914 Rufe,
384 2856 490 2898 cocum
506 2836 667 2919 scindere,
691 2860 779 2919 quam
793 2839 943 2922 leporem.

474 2970 568 3033 XCV.

91 3079 243 3162 Nunquam
259 3082 337 3145 dicis
352 3104 423 3163 ave,
444 3084 501 3146 sed
516 3085 641 3166 reddis,
663 3087 818 3169 Naevole,
840 3108 982 3171 semper,

128 3164 215 3243 Quod
231 3170 319 3248 prior
332 3176 366 3229 ct
377 3189 485 3230 coruus
498 3169 604 3230 dicere
617 3190 710 3252 saepe
726 3171 816 3234 solet.

92 3247 149 3310 (ior
163 3252 224 3313 boc
238 3259 384 3334 expectas
399 3274 415 3313 a
429 3273 478 3314 me
492 3274 584 3333 rogo,
608 3254 761 3334 Naevole,
783 3256 881 3319 dieas:

127 3335 202 3397 Nam
215 3344 290 3417 puto
305 3356 355 3398 me
369 3334 497 3416 melior,
519 3338 668 3416 Naevole,
691 3359 749 3401 nec
764 3343 908 3421 priores.

75 3414 225 3481 tl’raemia
238 3418 364 3482 laudato
380 3422 491 3483 tribuit
504 3424 578 3484 mihi
596 3424 710 3484 Caesar
723 3431 857 3504 uterquc
933 3448 938 3455 ’

128 3502 339 3585 Natorumque
354 3504 442 3567 dedit
456 3508 523 3567 iura
536 3513 666 3588 paterna
680 3510 792 3584 trium;

61 3584 150 3726 Mtire
162 3587 251 3669 legor
267 3588 365 3651 multo
378 3597 546 3672 uotumque
560 3610 619 3672 per
634 3592 747 3673 oppida
761 3612 875 3738 norqen

88 3688 149 3733 rur.
