2442 4209
186 345 190 354 '
301 333 643 396 EPIGRAMMATON
656 333 730 435 Lili.
749 335 786 399 11.

459 535 624 600 LXXXIX.

118 649 198 727 Quod
210 649 303 710 nimio
322 648 438 728 gaudes
451 654 574 710 uootem
590 649 767 730 producere
781 651 869 730 vino,

154 735 293 814 Ignosco:
315 734 438 810 vitium,
461 733 580 811 Gauro,
602 735 731 795 (latonia
745 736 850 798 habes.

118 819 249 880 Carmina
263 815 348 896 quod
362 818 473 877 scribis
486 816 586 877 Musis
603 823 636 877 et
649 816 796 898 Apolline
810 817 914 897 nullo,

153 900 282 962 Laudari
297 898 411 960 debes:
433 902 493 961 hoo
509 901 670 961 Ciceronis
683 903 789 964 habes.
853 967 857 974 ¹

101 984 201 1063 tQuod
212 985 326 1062 vomis,
348 984 480 1044 Antoni:
504 984 586 1063 quod
601 983 785 1064 luxurieris,
810 988 916 1067 Apici:

152 1067 239 1146 Quod
253 1067 359 1147 fellas,
381 1069 489 1128 vitium
502 1067 553 1128 dic
565 1070 640 1129 milii
656 1071 742 1129 ouius
756 1071 876 1132 habes?

511 1233 576 1295 XG.
676 1239 684 1254 ⁴

118 1345 314 1427 Quintiliane,
336 1365 429 1426 vagae
445 1346 622 1408 moderator
637 1368 753 1409 summe
767 1350 926 1425 iuventae,

152 1429 258 1492 Gloria
273 1433 445 1510 Romanae,
467 1431 675 1509 Quintiliane,
696 1441 802 1512 togae,

116 1517 220 1578 Vivere
237 1514 321 1595 quod
335 1533 473 1596 propero
486 1534 604 1596 pauper
619 1536 678 1578 neo
691 1516 812 1578 inutilis
827 1516 931 1593 annis,

152 1601 194 1660 lla
206 1602 343 1661 veniam:
364 1606 514 1680 properat
527 1602 633 1662 vivere
646 1621 737 1662 nemo
753 1602 837 1660 satis.

101 1685 241 1746 illideret
253 1685 313 1744 hoc
327 1684 447 1765 patrios
461 1690 548 1764 optat
563 1687 616 1764 qui
629 1687 754 1746 vincere
769 1703 880 1744 census

152 1765 300 1848 Atriaque
315 1767 488 1828 immodicis
503 1776 583 1829 artat
594 1770 786 1848 imaginibus.

118 1853 164 1913 Me
177 1853 264 1914 iocus
279 1858 313 1913 et
327 1853 433 1931 nigros
447 1872 509 1912 non
524 1853 715 1931 indignantia
729 1855 830 1914 fumos

154 1937 251 1998 'lecta
264 1938 370 1997 iuvant
382 1943 416 1998 et
428 1936 497 1996 sons
511 1939 595 1998 vivus
611 1945 644 1998 et
657 1940 755 1999 herba
767 1935 864 1998 rudis.

119 2017 159 2081 Sit
172 2022 246 2082 mihi
259 2039 354 2082 verna
368 2027 470 2099 satur,
492 2022 606 2081 sitnon
623 2020 801 2083 doctissima
813 2020 961 2095 coniunx,

30 2149 31 2162 ,
90 2115 113 2167 to
152 2105 196 2166 Sit
208 2125 267 2167 uox
283 2124 352 2166 oum
364 2125 486 2182 somno,
507 2107 548 2164 sit
563 2108 630 2166 sine
645 2106 701 2167 lite
717 2106 795 2170 dies.

420 2273 422 2280 '
502 2269 581 2330 XCI.

30 2419 32 2444 1
118 2395 222 2458 Renum
238 2394 439 2473 certasalus,
457 2401 609 2455 terrarum
625 2393 741 2472 gloria,
763 2393 899 2469 Gaesao,

30 2541 32 2560 p
154 2481 274 2562 Sospite
291 2499 351 2560 quo
366 2498 491 2558 magnos
506 2477 661 2539 eredimus
675 2496 746 2537 esse
761 2476 855 2554 deos,

30 2619 32 2656 Ι
119 2563 147 2622 Si
158 2565 311 2626 festinatis
325 2565 442 2625 totiens
456 2565 513 2623 tibi
525 2561 607 2623 lecta
620 2560 741 2623 libellis

30 2663 32 2690 t
154 2650 322 2710 Detinuere
339 2646 445 2709 oculos
459 2649 594 2707 carmina
607 2652 714 2706 nostra
726 2653 812 2722 tuos,

30 2691 33 2744 l
104 2733 201 2809 tquod
214 2735 340 2794 fortuna
352 2738 437 2793 vetat
449 2733 534 2809 fieri,
556 2732 704 2812 permitte
719 2729 835 2807 videri,

154 2817 298 2878 Natorum
313 2818 437 2896 genitor
451 2814 562 2876 credar
576 2821 611 2875 ut
627 2833 697 2874 esse
711 2817 815 2876 trium.
863 2841 865 2844 ·

120 2901 211 2980 Haec,
232 2903 260 2962 si
273 2899 435 2982 dIsplioui,
454 2900 573 2960 inerint
588 2896 699 2959 solatia
712 2899 821 2972 uobisa

155 2986 236 3047 Haeo
251 2987 371 3046 inerint
385 2986 475 3045 nobis
489 2985 643 3066 proemia,
666 2985 693 3044 si
707 2983 818 3063 placui.

498 3147 590 3209 xcii.

121 3259 255 3325 Natorum
269 3265 346 3325 mihi
363 3265 411 3323 ius
425 3264 519 3322 trium
532 3261 655 3340 roganti
692 3286 700 3298 ·

121 3343 266 3408 Musarum
281 3348 417 3429 pretium
432 3346 521 3407 dedit
534 3363 686 3423 mearum)

30 3445 31 3462 ³
122 3427 200 3490 Solus
216 3433 269 3511 qui
283 3438 418 3513 poterat.
446 3428 592 3507 valebis,
613 3447 699 3489 uxor.

30 3525 32 3584 g
121 3511 180 3574 Non
193 3514 289 3577 debet
305 3514 421 3575 domini
434 3515 541 3596 perire
556 3531 674 3574 munus.

1023 334 1066 398 59
