2442 4209
283 345 626 408 EPIGRAMMATON
638 345 713 408 LIB.
729 345 751 408 1.
997 344 1036 408 27

75 502 200 563 Mutare
214 499 371 561 dominum
386 520 448 559 non
461 506 567 580 potest
582 497 666 560 liber
680 508 780 562 notus.

41 596 71 651 10
77 585 139 644 Sed
155 586 311 666 pumicata
325 586 431 646 fronte
446 587 471 644 si
487 587 556 664 quis
571 591 622 646 est
635 583 770 645 nondum

77 671 140 730 Nec
155 667 312 732 umbilicis
330 669 431 729 cultus
446 676 538 748 atque
557 670 748 746 membrana,

77 755 241 815 Mercare:
264 752 344 814 tales
358 754 476 827 habeo;
496 772 555 813 nec
569 755 649 812 sciet
663 754 831 832 quisquam.

78 836 190 898 Aliena
206 839 344 917 quisquis
361 837 474 898 recitet
491 843 524 896 et
538 839 620 916 petit
634 837 759 913 famam,

77 923 144 983 Non
161 939 267 982 emere
280 921 410 996 librum,
432 919 489 980 sed
502 918 661 980 silentium
676 921 781 985 debet.-

457 1054 578 1117 LXVII.

80 1167 174 1227 Liber
190 1167 282 1227 homo
300 1187 335 1228 es
349 1167 493 1242 nimium,
518 1165 596 1225 dicis
614 1168 705 1244 mihi,
727 1167 861 1248 Cerylo,
883 1189 1015 1251 semper.

118 1251 153 1310 ln
169 1257 203 1311 te
219 1252 271 1332 qui
288 1249 380 1328 dicit,
401 1250 534 1330 Cerylo,
553 1247 637 1310 liber
648 1252 740 1312 homo
754 1261 812 1314 est.

448 1369 583 1447 moon.¹

81 1496 237 1579 Quidquid
251 1499 315 1578 agit
328 1499 445 1577 Rufus,
466 1497 547 1557 nihil
563 1504 613 1559 est
626 1501 687 1559 nisi
702 1500 816 1561 Naevia
828 1500 917 1561 Rufo.

119 1584 155 1643 Si
169 1582 300 1663 gaudet,
323 1584 349 1642 si
363 1583 437 1660 flet,
459 1583 487 1642 si
501 1589 600 1661 tacet,
622 1584 701 1644 hanc
714 1584 861 1665 loquitur.

81 1668 193 1746 Cenat,
215 1667 378 1747 propinat,
399 1668 517 1746 poscit,
539 1673 649 1746 negat,
670 1670 787 1728 innuit:
811 1688 871 1728 una
886 1679 936 1730 est

119 1753 250 1824 Naevia3
273 1752 375 1810 sinon
392 1753 434 1812 sit
447 1751 576 1829 Naevia,
597 1759 699 1813 mutus
712 1754 782 1817 erit.

62 1834 257 1914 5Scripserat
270 1836 418 1895 hesterna
432 1837 513 1915 patri
529 1855 598 1896 curn
610 1834 682 1896 luce
697 1835 842 1899 salutem:

122 1921 259 1998 „Naevia
272 1918 347 1980 lux“
362 1920 464 1999 inquit
478 1920 614 1997 „Naevia
625 1920 747 1999 lumen,
770 1922 860 1984 arc.“

81 2005 165 2065 llaec
179 2004 261 2083 legit
274 2009 307 2065 ct
321 2003 407 2064 ridet
421 2003 555 2064 demisso
569 2005 684 2066 Naevia
698 2006 793 2067 voltu.

121 2090 236 2149 Naevia
251 2109 314 2149 non
329 2109 391 2148 una
404 2095 468 2148 est:
492 2087 581 2166 quid,
604 2091 651 2150 vir
665 2091 790 2171 inepte,
811 2091 911 2154 luris?

462 2224 567 2319 nxrx.

81 2336 210 2415 Coepit,
230 2335 383 2412 Maxime,
403 2336 486 2398 Pana
501 2339 554 2417 qui
569 2337 707 2417 solebat,

81 2419 168 2479 Nunc
183 2418 352 2479 ostendere
369 2420 496 2481 Canium
511 2421 677 2486 'Parentos

465 2569 559 2631 Lxx.

83 2679 168 2742 Vade
183 2679 348 2741 salutatum
360 2702 417 2763 pro
433 2701 499 2761 me,
519 2681 618 2745 liber:
639 2687 687 2745 ire
702 2687 820 2748 iuberis

122 2763 173 2824 Ad
185 2762 314 2826 Proculi
328 2766 462 2846 nitidos,
486 2768 645 2848 officiose,
665 2768 760 2832 lares.

83 2849 211 2924 Quaeris
225 2850 305 2929 iter,
328 2848 441 2911 dicam:
462 2853 595 2913 vicinum
610 2855 740 2914 Castora
754 2875 847 2917 canae

122 2933 286 2993 Transibis
303 2934 418 2995 Vestae
432 2937 663 3017 virgineamque
676 2937 815 3015 domum3

64 3016 159 3076 olnde
174 3018 453 3079 sacro'veneranda
467 3026 558 3100 petes
572 3021 692 3082 Palatia
707 3022 800 3101 cliro,

123 3099 259 3160 Plurima
279 3122 339 3182 qna
353 3105 461 3163 summi
475 3103 575 3184 fulget
589 3107 688 3185 imago
696 3105 799 3169 ducis.

85 3185 146 3244 Nec
160 3192 191 3245 te
206 3183 347 3246 detineat
361 3189 432 3247 miri
446 3188 564 3249 radiata
578 3190 691 3250 colossi

122 3269 206 3346 Quae
220 3269 375 3331 Rhodium
390 3271 487 3333 moles
502 3275 628 3334 vincere
642 3274 755 3352 gaudet
771 3296 856 3358 opos.

84 3351 188 3414 Flecte
201 3355 266 3414 vias
280 3354 339 3415 hac
354 3375 413 3434 qua
427 3357 542 3418 madidi
558 3367 629 3419 sunt
643 3366 726 3420 tecta
742 3360 837 3439 Lyaei

8 3481 9 3490 ,
51 3443 80 3494 10
122 3438 165 3497 Et
177 3437 314 3517 Cybeles
331 3441 415 3520 piato
431 3449 491 3501 stat
507 3444 686 3522 Corybante
699 3450 796 3509 torua.

8 3535 9 3544 ¹
85 3519 226 3582 Protinus
242 3543 259 3582 a
273 3522 360 3584 laeva
373 3519 450 3585 cl'ari
467 3528 526 3586 tibi
539 3526 645 3587 fronte
659 3528 792 3590 Penates

8 3607 10 3698 ξ
29 3675 33 3684 .
70 3621 74 3630 ’
122 3605 275 3686 Atriaque
290 3607 431 3669 excelsae
446 3617 518 3675 sunt
531 3609 672 3672 adeunda
686 3611 803 3675 domus.
