2442 4209
466 390 510 452 Μ.
529 391 621 453 vni..
639 391 865 452 Malt'linuls

578 591 741 655 LXXVIII.

227 702 369 766 Minxisti
384 710 530 763 currente
546 703 660 782 semel,
678 702 826 781 Pauline,
848 656 961 764 carina.

269 786 393 848 Meiere
407 789 453 847 uis
467 788 603 848 iterum?
623 790 685 849 iarn
699 788 863 849 Paliuurus
877 791 949 848 eris.

595 922 731 983 LXXIX.

226 1036 305 1096 Rem
318 1036 441 1116 peragit
453 1032 569 1095 nullam
585 1035 761 1113 Sertorius,
780 1034 909 1095 inchoat
924 1054 1043 1100 omnes.

268 1120 359 1179 Hunc
377 1138 450 1199 ego,
474 1138 540 1180 curn
558 1121 669 1197 futuit,
690 1139 753 1179 nun
766 1124 842 1200 putu
856 1120 1021 1200 perlicere.

524 1237 527 1244 '
606 1253 729 1317 nnn.

227 1369 273 1427 lle
288 1366 375 1428 nullu
390 1366 547 1449 loqueris,
570 1366 648 1428 nulli
663 1366 840 1445 maledicis,
861 1367 969 1447 Apici:

268 1452 384 1513 Rumor
400 1454 443 1513 ait
457 1451 581 1532 linguae
596 1458 747 1513 tatamen
762 1469 831 1511 esse
847 1449 955 1513 malae.

599 1586 735 1647 LXXXI.

228 1700 309 1778 Quid
324 1721 393 1762 cum
406 1701 542 1761 feminee
557 1702 632 1779 tibi,
651 1702 778 1761 Baetice
794 1700 900 1779 Galle,
921 1702 1094 1762 barathra?

269 1785 355 1846 Haec
371 1784 466 1845 debet
478 1784 596 1846 medius
610 1785 750 1846 lambere
763 1784 870 1864 lingua
882 1786 975 1846 viros.

116 1898 122 1909 ·
227 1870 374 1930 Abscissa
388 1876 437 1929 eat
453 1888 547 1949 quare
565 1869 667 1929 Samia
682 1871 738 1930 tibi
753 1868 890 1930 mentula
905 1877 1005 1949 testa,

270 1954 304 2014 Si
318 1954 377 2014 tibi
389 1959 452 2014 tarn
468 1959 590 2032 gratus,
611 1953 757 2032 Baetice,
780 1973 898 2014 cunnus
913 1954 1009 2014 erati·

205 2036 431 2098 5Castrandum
446 2045 538 2118 caput
553 2044 617 2098 est:
638 2058 709 2099 nam
723 2038 766 2099 sis
780 2037 858 2099 licet
872 2040 998 2117 iuguine
1014 2036 1141 2117 Gallus,

269 2121 364 2181 Sacra
376 2127 478 2181 tamen
498 2121 634 2201 Cybeles
649 2121 785 2202 decipIs:
807 2140 863 2183 ure
876 2123 924 2184 vir
941 2142 985 2185 es.

588 2271 737 2332 LXXXII.

228 2381 361 2443 Conviva
376 2384 513 2464 quisquis
526 2385 607 2446 Zoili
622 2391 828 2466 potestesse,

228 2463 478 2529 Summueuiauas
494 2476 586 2529 cenet
600 2472 687 2529 Inter
701 2478 813 2530 uxores

228 2550 385 2632 Curtaque
398 2550 505 2612 Ledae
519 2554 641 2613 sobrius
656 2555 742 2613 bibat
755 2561 851 2614 terta:

227 2634 297 2695 Hoc
312 2654 380 2697 esse
395 2634 494 2696 leuius
509 2638 680 2717 puriusque
695 2638 852 2700 contendi,

204 2718 312 2781 blacet
327 2727 474 2800 occupato
490 2719 662 2798 galbinatus
676 2723 709 2781 in
722 2721 805 2783 lecto

228 2803 411 2884 Cubitisque
426 2803 525 2863 trudit
541 2804 615 2864 binc
629 2811 663 2864 et
674 2805 750 2866 inde
765 2808 905 2868 convivas

227 2886 362 2949 Effultus
378 2895 462 2948 uatru
478 2887 657 2967 Sericisque
671 2888 820 2969 pulvillis.

227 2972 296 3031 Stat
311 2971 450 3033 exoletus
465 2973 666 3051 suggeritque
680 2977 815 3036 ructanti

227 3054 341 3115 Pinnas
355 3059 504 3117 rubentes
520 3057 728 3138 cuspidesque
742 3057 884 3138 lentisci,

185 3140 268 3203 lolit
284 3142 435 3202 aestuanti
449 3145 546 3201 tenue
559 3141 692 3202 ventilat
704 3143 804 3221 frigus

227 3223 342 3303 Supina
356 3225 481 3304 prasina
497 3227 668 3286 concubina
681 3225 825 3301 flabell03
852 3255 854 3258 ·

225 3308 387 3387 Fugatque
403 3328 521 3371 muscas
536 3316 657 3389 myrtea
670 3329 749 3391 puer
762 3313 858 3390 virga.

226 3391 389 3453 Percurrit
402 3393 473 3472 agIli
489 3412 602 3474 corpus
617 3402 684 3455 arte
699 3396 861 3455 tractatrix

225 3477 414 3557 Manumque
429 3476 550 3539 doctum
565 3480 683 3559 spargit
698 3480 838 3540 omuibus
855 3480 1018 3554 membris3

183 3562 320 3641 asurgiti
336 3562 491 3643 crepantia
505 3563 591 3641 signa
605 3565 691 3624 navit
705 3565 879 3641 eunuchus,

225 3648 268 3707 Et
281 3644 433 3706 delicatae
448 3646 623 3721 sciscitatur
638 3649 746 3708 urinae
