2442 4209
291 370 632 433 EPIGRAMMATON
647 373 722 434 LlB.
735 374 756 434 l.
1009 375 1047 440 lt

510 573 547 637 V.

105 687 142 747 llo
157 687 211 746 tibi
226 684 452 764 naumachiam,
476 693 509 746 tu
524 686 577 746 daa
594 688 812 769 epigrammata
827 691 931 751 nolim

25 811 26 824 κ
138 772 205 849 Via,
225 778 317 851 puto,
341 790 409 832 cum
423 770 522 849 libro,
543 771 669 849 Marce,
690 780 798 833 natare
812 779 873 834 tuo.

103 1031 256 1092 Aetherias
271 1028 376 1108 aquila
388 1049 517 1110 puerum
532 1038 678 1111 portante
690 1051 749 1113 per
765 1054 852 1095 auraa

137 1114 277 1176 lllaeaum
292 1113 409 1174 timidis
424 1116 575 1194 unguibua
589 1117 692 1178 lraeait
706 1137 798 1178 unua:

102 1202 178 1262 Nunc
192 1219 247 1261 aua
262 1199 434 1260 Caesareos
449 1208 556 1260 exorat
572 1201 689 1282 praeda
705 1201 815 1262 leones

137 1285 234 1344 'lutus
249 1290 282 1344 et
295 1285 414 1363 ingenti
428 1281 510 1345 ludit
524 1287 557 1345 in
571 1305 626 1346 ore
642 1286 741 1368 lepna.

25 1417 26 1428 2
85 1370 178 1448 tQuae
191 1370 308 1428 maiora
321 1374 413 1449 putas
425 1369 593 1430 miracula?
615 1391 748 1433 nummus
761 1373 900 1450 atriaque

134 1456 249 1514 Auctor
265 1452 368 1514 adest:
387 1455 466 1514 haec
483 1461 554 1514 suut
569 1456 728 1534 Caesario,
750 1453 806 1516 illa
821 1456 907 1516 lovis.

494 1606 557 1667 Vll.

100 1716 204 1778 Stellae
221 1717 368 1778 delicium
383 1721 444 1778 mei
457 1718 613 1796 columba,

100 1802 216 1864 Verona
230 1799 310 1862 licet
326 1801 470 1876 audiente
486 1802 601 1882 dicam,

100 1886 189 1964 Vicit,
210 1886 363 1964 Maxime,
384 1906 542 1968 parcerem
556 1886 683 1949 Catulli.

99 1970 190 2031 l'anto
206 1969 308 2032 Stella
322 1990 408 2032 meus
424 1979 477 2032 tuo
492 1971 634 2049 Catullo,

77 2055 209 2133 §Quanto
225 2074 354 2136 pasaere
369 2058 466 2118 maior
483 2065 530 2116 est
545 2056 692 2118 columba.

493 2221 569 2283 Vlll.

100 2333 181 2411 Quod
195 2335 298 2413 magni
315 2333 473 2398 'l'hraaeae
490 2334 751 2412 consummatique
767 2333 894 2393 Catonia

134 2420 281 2498 Dogmata
297 2419 342 2477 sic
357 2417 514 2497 sequeris,
537 2416 636 2478 calvus
651 2424 685 2478 ut
700 2435 769 2478 eaac
785 2416 879 2494 velia,

96 2502 221 2564 Pectore
239 2521 298 2562 nec
312 2501 395 2563 nudo
412 2503 538 2562 atrictoo
552 2503 686 2562 incurris
701 2503 733 2562 in
748 2521 856 2579 enses,

133 2587 221 2664 Quod
237 2588 352 2647 fecisse
366 2583 460 2646 velim
474 2592 524 2664 te,
546 2587 697 2665 Deciano,
719 2587 805 2648 sacia.

78 2669 166 2732 tNolo
180 2674 281 2733 virum
297 2670 381 2732 facili
397 2670 522 2732 redimit
537 2674 589 2750 qui
604 2672 751 2750 sanguine
767 2671 894 2748 famam,

26 2819 27 2840 ,
80 2773 83 2778 ·
131 2758 221 2818 lluno
237 2754 324 2834 volo,
345 2753 465 2815 laudari
480 2755 531 2835 qui
547 2758 615 2816 sine
633 2762 734 2816 morte
748 2763 860 2836 potest.

498 2920 548 2980 ix.

95 3031 194 3093 Bellus
209 3035 303 3096 homo
320 3039 353 3093 et
367 3053 492 3112 mugnus
505 3035 550 3094 vis
566 3035 667 3112 idem,
691 3038 799 3112 Cotta,
819 3035 934 3096 videri:

26 3169 27 3192 ,
131 3117 193 3178 Sed
211 3120 263 3199 qui
279 3116 486 3179 bellushomo
503 3125 568 3196 est,
590 3118 698 3196 Cotta,
713 3119 844 3202 pusillus
858 3121 949 3181 homo
967 3130 1023 3182 cst·

26 3253 27 3286 ¹
504 3269 542 3333 x.

95 3378 169 3442 Petit
183 3380 347 3443 Gemellus
362 3383 484 3463 nuptias
498 3380 683 3443 Maronillae

93 3463 127 3524 llt
140 3468 228 3548 cupit
244 3473 276 3526 et
289 3469 385 3527 instat
399 3473 430 3526 ct
444 3473 589 3547 precatur
604 3473 637 3526 et
651 3465 752 3527 donat.

95 3548 219 3612 Adeone
232 3548 365 3631 pulchra
380 3553 449 3612 eat?
468 3554 559 3612 immo
574 3550 698 3612 foedius
712 3550 757 3612 nil
773 3561 830 3614 est.

27 3701 28 3734 1
96 3631 165 3707 Quid
183 3655 262 3714 crgo
277 3637 310 3695 in
324 3633 379 3695 illa
393 3637 510 3716 petitur
526 3642 558 3696 et
572 3635 699 3717 placet?
732 3636 847 3696 Tuasit.
