2442 4209
142 312 204 379 sio
465 312 512 376 Μ.
529 312 866 380 VAL.MART1AL18

617 516 711 579 LXV.

228 629 357 708 Alcide,
378 629 468 689 Latio
482 648 564 689 nunc
580 628 775 707 agnoscende
790 630 945 711 Tonanti,

269 715 437 793 Postquam
450 712 580 795 pulchra
594 713 647 773 dei
662 714 805 776 Caesaris
820 735 876 776 ora
894 716 991 795 geris,

230 801 264 861 Si
275 800 333 861 tibi
347 806 421 858 tunc
435 798 488 858 isti
503 796 605 859 voltus
619 799 805 879 habitusque
821 800 970 878 fuissent,

271 883 442 945 Cesserunt
455 883 594 944 manibus
611 902 678 944 cum
691 883 761 943 iera
774 892 912 945 monstra
926 886 1002 946 tuisz

208 967 377 1047 5Argolico
391 964 537 1027 famulum
551 986 614 1026 non
627 973 660 1027 te
676 969 795 1029 servire
809 975 940 1050 tyranno

270 1051 433 1114 Vidissent
447 1055 556 1129 gentes
571 1070 723 1131 saevaque
737 1072 833 1133 regna
846 1056 927 1135 pati,

231 1135 295 1198 Sed
308 1142 343 1197 tu
356 1134 500 1196 iussisses
514 1136 706 1215 Eurysthea,
727 1156 787 1198 nec
802 1140 861 1199 tibi
876 1138 969 1198 fallax

271 1222 432 1282 Portasset
446 1220 536 1281 Nessi
550 1219 672 1299 pertids
687 1220 768 1282 dona
780 1222 902 1285 Lichas.
963 1228 969 1239 '

231 1307 342 1369 Oetaei
357 1307 424 1366 sine
438 1303 511 1383 lege
527 1306 595 1382 rogi
610 1324 738 1365 securus
753 1305 871 1368 adisses

191 1404 223 1455 10
271 1392 364 1451 Astra
377 1391 475 1470 patris
490 1389 615 1467 summi,
638 1408 716 1468 quae
731 1392 789 1451 tibi
802 1409 903 1471 poena
920 1389 1023 1466 dcdit;

230 1474 329 1555 Lydia
342 1492 400 1534 nec
418 1472 560 1533 dominae
573 1474 722 1535 traxisses
737 1494 834 1555 pensa
851 1476 1017 1556 superbae,

271 1559 337 1621 Nec
352 1559 447 1638 Styga
459 1556 590 1618 uidisses
606 1558 853 1637 Tartareumque
868 1578 985 1619 canem.
1051 1628 1059 1650 Ι

231 1643 319 1705 Nunc
335 1644 394 1704 tibi
410 1644 484 1704 luno
498 1642 598 1719 favet,
617 1662 698 1703 nuuc
713 1648 746 1703 te
762 1649 815 1703 tua
832 1642 935 1723 diligit
949 1644 1059 1719 Hebe3

274 1726 362 1789 Nunc
375 1734 408 1788 te
424 1728 450 1787 si
464 1726 568 1786 videat
579 1727 736 1808 Nympha,
758 1728 899 1789 remittet
913 1726 1026 1808 Hylan.

620 1893 729 1957 LXVI.

230 2020 316 2081 Uxor
331 2038 399 2079 cum
413 2020 471 2078 tibi
486 2018 527 2099 sit
541 2019 691 2098 iormosa,
712 2019 842 2101 pudica,
863 2020 984 2100 puella,

276 2105 343 2181 Quo
357 2104 416 2165 tibi
430 2109 571 2163 natorum
586 2104 671 2181 iura,
692 2104 843 2183 Fabulle,
864 2105 983 2165 trium?

233 2187 323 2266 Quod
335 2188 417 2268 petis
431 2207 449 2246 a
461 2191 569 2247 nostro
584 2187 714 2268 supplex
729 2187 915 2269 dominoque
931 2188 1071 2269 deoque,

275 2273 325 2333 Τιι
341 2271 428 2333 dabis
444 2273 512 2351 ipse
528 2272 603 2349 tibi,
625 2274 652 2331 si
666 2278 757 2353 potes
773 2274 921 2353 arrigere.

583 2437 732 2499 uum.
777 2411 779 2414 ’

231 2548 388 2609 Lascivam
402 2556 468 2611 tota
482 2550 609 2632 possedi
623 2558 716 2611 nocte
730 2548 883 2631 puellam,

276 2632 370 2694 (iuius
385 2637 539 2715 nequitias
557 2637 683 2696 vincere
697 2633 784 2695 nulla
798 2639 914 2716 potest.

231 2716 346 2778 Fessus
361 2718 446 2787 mille
461 2720 561 2780 modis
575 2717 656 2780 illud
670 2717 794 2799 puerile
809 2720 955 2800 poposci:

273 2804 355 2863 Ante
369 2822 481 2885 preces
496 2811 576 2865 totas
590 2805 752 2885 primaque
766 2805 862 2864 verba
876 2801 973 2864 dedit.

215 2887 405 2967 'rlmprobius
420 2889 564 2967 quiddam
579 2888 748 2967 ridensque
763 2890 941 2967 rubensque
956 2887 1080 2967 rogaris

274 2972 421 3034 Pollicito
436 2980 485 3034 est
499 2972 582 3034 nulla
595 2971 751 3033 luxuriosa
765 2992 860 3034 mora.

233 3054 297 3116 Sed
310 3058 387 3118 mihi
399 3078 476 3139 pura
490 3058 568 3133 iuit3
589 3059 648 3118 tibi
661 3076 725 3118 non
739 3058 819 3134 erit,
840 3052 1013 3135 Aeschylo:
1036 3057 1064 3115 si
1076 3057 1136 3130 vis,
1199 3063 1201 3140 ξ

175 3206 180 3219 ὦ
274 3141 391 3224 Accipe
407 3149 440 3203 et
454 3144 514 3203 hoc
528 3158 637 3203 munus
653 3141 832 3202 conditione
847 3137 936 3204 mals.

602 3305 736 3367 uxvun
875 3263 879 3270 ’
1118 3280 1125 3310 ¹
1199 3257 1201 3376 i

128 3450 130 3454 ·
232 3417 314 3496 Quid
328 3419 386 3478 tibi
404 3419 563 3480 nobiscum
579 3426 645 3497 cst,
665 3417 732 3479 ludi
746 3415 901 3481 scelerate
918 3416 1083 3497 magister,

273 3504 404 3563 invisum
419 3504 526 3582 pueris
540 3504 771 3583 virginibusque
786 3504 900 3584 caput?

230 3585 372 3648 Nondum
388 3588 506 3647 cristati
522 3604 637 3667 rupere
653 3587 777 3649 silentia
791 3585 881 3666 galli:
971 3650 976 3659 ,
