2442 4209
167 316 230 381 19⁰
492 316 536 377 Μ.
553 314 645 376 vsi.
661 312 889 375 Montibus

250 465 376 530 Excidit
391 467 523 527 attonito
538 467 661 546 plngnis
676 463 808 527 Galatea
820 471 951 545 poetae,

295 550 458 630 Thestylis
473 557 506 610 et
519 551 629 611 rubrus
643 550 795 609 messibus
811 556 881 609 nata
895 568 1003 628 genas:

250 635 398 696 Protinus
412 635 547 695 Ιιιιιιιι
564 635 708 713 concepit
723 638 757 693 et
770 652 859 693 suus
876 652 1046 711 visosque,

208 728 242 781 20
293 720 352 795 Qui
368 717 458 778 modo
474 719 524 778 vix
540 716 680 778 Culicem
694 718 826 778 ilevcrat
840 736 896 777 ore
910 717 989 777 rudi.

186 834 189 841 .
251 801 334 879 Quid
348 803 460 865 Varios
476 802 660 879 Marsosque
674 799 785 880 loquar
800 800 960 880 ditataque
974 808 1070 861 vatum

293 888 439 962 Nomina,
460 905 587 965 magnus
602 887 665 962 erit
680 904 756 965 qnos
771 901 937 946 numerare
949 884 1057 947 labori

249 972 333 1049 Ergo
349 988 407 1049 ego
422 968 599 1047 Vergilius,
621 970 648 1029 si
664 988 792 1029 munera
806 969 999 1031 Maecenatis

292 1054 356 1114 Des
371 1054 469 1115 mihi?
498 1052 656 1133 Vergilius
669 1073 733 1113 non
747 1073 823 1133 ero,
843 1054 968 1115 Marsus
984 1071 1048 1114 ero.

646 1166 739 1231 LVII.

253 1263 335 1325 Tres
351 1266 459 1324 habuit
474 1264 604 1344 dentes,
626 1268 745 1347 pariter
760 1285 837 1347 quos
853 1267 960 1346 expuit
975 1283 1094 1344 omnes,
1191 1291 1193 1332 ι

295 1347 345 1408 Ad
360 1347 509 1409 tumulum
524 1349 638 1410 Picens
654 1349 725 1410 dnm
739 1350 831 1411 sedet
844 1352 912 1430 ipse
926 1369 1031 1425 snum3

125 1476 131 1503 Ι
253 1431 453 1511 Collegitque
468 1434 536 1493 sinn
551 1433 725 1513 fragmenta
739 1434 903 1494 novissima
914 1432 978 1494 lani

295 1517 367 1577 Oris
383 1524 415 1576 et
431 1523 555 1597 aggesta
573 1518 793 1579 contumulavit
808 1519 910 1579 humo.
1192 1489 1194 1526 ι

230 1601 334 1663 50ssa
347 1598 424 1661 licet
442 1600 596 1682 quondam
611 1601 752 1663 defuncti
767 1621 829 1663 non
845 1601 931 1680 legat
943 1603 1052 1663 heres:

294 1686 363 1745 Hoc
378 1686 438 1745 sibi
452 1687 512 1746 iam
526 1687 640 1747 Picens
655 1688 814 1766 praestitit
831 1686 976 1749 officium.
1193 1687 1195 1800 y

641 1798 746 1860 LVill.

227 1954 233 1965 ,
252 1890 330 1951 Cum
344 1892 402 1950 tibi
417 1896 478 1951 tam
495 1908 618 1950 crassae
631 1891 710 1966 sint,
732 1886 950 1967 Artemidorc,
966 1887 1122 1970 lacernae¹
1194 1887 1196 1892 ’

294 1973 416 2034 Possim
430 1981 462 2035 te
477 1972 616 2051 Sagarim
631 1975 699 2033 inre
713 1992 825 2035 vocare
839 1992 919 2034 mco.

649 2084 727 2147 LIX.

250 2178 373 2258 Aspicis
387 2179 468 2237 bunc
485 2197 546 2237 nno
561 2185 741 2238 contentum
756 2176 889 2257 lumine,
911 2178 997 2240 onius

292 2262 392 2343 Lippa
406 2263 461 2321 snb
477 2263 584 2321 attritu
599 2262 705 2321 fronte
719 2260 828 2322 lacuna
843 2263 954 2343 patet?

250 2346 297 2405 Ne
314 2352 476 2406 contemne
491 2351 598 2426 capnt,
617 2343 696 2405 nihil
711 2352 760 2405 est
773 2346 909 2406 furacius
922 2345 997 2421 illo;

292 2430 362 2489 Non
376 2430 435 2490 init
446 2427 593 2508 Autolyci
610 2436 671 2488 tam
686 2430 827 2510 piperata
843 2451 959 2492 manns.

229 2515 344 2576 5Hnnc
359 2520 392 2574 tu
407 2514 561 2573 convivam
577 2519 683 2573 cantus
698 2532 823 2573 servare
840 2520 1026 2587 mementort

294 2598 383 2659 Tune
397 2598 474 2658 furit
489 2603 582 2677 atque
598 2596 687 2657 oculo
703 2595 808 2658 luscus
826 2605 960 2679 utroque
974 2596 1070 2662 videt.

250 2680 366 2745 Pocula
381 2680 505 2742 solliciti
521 2681 659 2761 perdunt
671 2680 844 2763 ligulasque
859 2684 995 2744 ministri

292 2767 335 2827 nt
347 2767 427 2829 latet
437 2768 470 2826 in
484 2764 591 2845 tepido
607 2764 741 2845 plurima
754 2786 864 2847 mappa
880 2770 957 2828 sinn.

250 2852 351 2932 Lapsa
363 2870 421 2910 nec
439 2871 455 2910 a
471 2851 574 2910 cubito
591 2849 765 2910 subducere
780 2851 873 2931 pallia
888 2853 989 2912 nescit

209 2946 243 2998 10
291 2936 334 2995 Et
349 2941 449 2995 tectus
460 2932 560 2993 laenis
572 2952 667 3015 saepe
685 2933 802 2995 duabus
817 2937 890 2998 abit.

250 3018 316 3080 Nec
331 3017 548 3078 dormitantem
559 3036 686 3078 vernam
699 3018 845 3079 fraudare
859 3017 987 3079 lucerna

291 3104 424 3163 Erubuit
439 3100 550 3179 fullax,
573 3102 682 3162 ardeat
697 3101 752 3162 illa
765 3102 850 3163 licet.

251 3186 285 3247 Si
302 3186 379 3246 nihil
394 3188 521 3262 invasit,
543 3204 673 3267 puerum
690 3195 764 3246 tunc
781 3192 849 3247 arte
865 3185 974 3247 dolosa

293 3270 410 3330 Circuit
427 3277 460 3330 et
475 3268 576 3330 soleas
591 3272 720 3351 surripit
733 3271 801 3351 ipsc
816 3291 894 3331 anas.

653 3383 717 3444 Lx,

250 3480 372 3541 Summa
386 3479 520 3542 Palatini
533 3489 659 3563 poteras
674 3500 807 3560 aequare
822 3480 960 3559 Colossi,
1049 3525 1053 3531 .

293 3564 327 3624 Si
340 3564 435 3623 fleres
449 3567 588 3644 brevior,
612 3564 758 3643 Claudia,
780 3562 1008 3645 sesquipedem.
