2442 4209
503 360 546 422 Μ.
564 360 655 423 vob.
671 360 898 467 diluuium}

264 510 410 573 Delasset
422 530 528 573 omnes
541 511 662 574 fabulas
674 521 852 595 poetarum:

263 596 306 657 lit
321 616 389 657 cum
402 595 497 656 fateri
509 597 604 657 Furia
621 598 750 659 iusserit
762 617 888 679 verum,

263 677 423 742 Prodente
439 680 551 741 clamet
564 683 754 743 conscientia
767 683 946 766 ‚,Scripsi.“

678 817 723 879 vi

264 909 403 988 Felices,
426 914 536 991 quibus
551 934 629 977 urns
643 915 733 977 dedit
746 921 890 998 spectare
904 937 1060 981 coruscum

306 992 431 1057 Solibus
446 998 571 1059 Arctois
587 1000 804 1081 sideribusque
820 999 940 1064 ducem.

265 1078 393 1154 Quando
412 1082 474 1141 erit
490 1080 546 1142 ille
563 1082 648 1164 dies,
671 1104 731 1165 quo
748 1105 872 1167 campus
885 1095 919 1147 et
934 1090 1027 1150 arbor
1040 1097 1070 1149 ct
1082 1092 1157 1152 omnis

304 1162 437 1225 Lucebit
450 1164 538 1227 Latia
553 1167 636 1229 culta
649 1170 790 1230 fenestra
807 1171 911 1231 nurui

239 1246 390 1323 5Quaudo
404 1266 510 1311 morae
525 1249 634 1313 dulces
646 1252 821 1333 longusque
835 1255 1003 1317 accesere
1017 1257 1107 1339 puniris

306 1330 449 1411 Totaque
466 1330 620 1397 Flaminia
633 1337 731 1399 Roma
743 1337 877 1399 videnda
888 1340 961 1400 viel

264 1414 392 1491 Quando
407 1433 504 1496 eques
521 1425 555 1480 et
574 1422 653 1502 picti
666 1423 771 1484 tunica
784 1420 926 1485 Nilotide
940 1424 1045 1487 blsuri

303 1496 405 1577 Ibitis,
427 1506 460 1563 et
473 1500 581 1583 populi
595 1526 653 1567 vox
669 1508 732 1567 erit
745 1526 806 1566 una
818 1507 983 1587 „Venitl“

260 1727 468 1809 Nympharum
485 1742 575 1813 pater
591 1740 801 1821 amniumque,
823 1742 953 1821 Rhene,

261 1812 442 1896 Quicunque
457 1817 605 1899 Odrysias
620 1824 730 1884 bibunt
743 1826 887 1905 pruinas,

260 1896 312 1957 Sic
327 1916 450 1980 semper
464 1898 591 1982 liquidis
606 1907 719 1969 fruaris
734 1908 842 1988 undis,

259 1981 324 2043 Nec
338 1990 371 2043 te
386 1985 516 2048 barbara
531 1991 750 2054 contumeliosi

237 2066 421 2128 sericatum
435 2077 505 2131 rota
519 2080 662 2135 conterat
676 2075 818 2154 bubulci;

258 2149 310 2209 Sic
327 2159 360 2211 et
374 2154 519 2216 cornibus
535 2160 638 2219 aureis
653 2164 790 2244 receptis

260 2233 301 2294 Et
314 2235 468 2298 Romanus
484 2258 536 2300 eas
551 2249 683 2323 utraque
699 2248 782 2326 ripa:

259 2316 425 2383 Traianum
433 2323 562 2404 'populis
575 2328 641 2387 suis
655 2335 689 2390 et
705 2332 790 2407 urbi,

259 2401 364 2463 Tibris
380 2411 412 2463 te
427 2403 568 2470 dominus
583 2420 688 2493 rogat,
710 2417 861 2476 remittas.

652 2548 729 2609 Vlll.

129 2636 133 2641 “
254 2633 489 2699 Nubercl'aula
504 2642 590 2720 cupit
604 2646 709 2723 nobis,
732 2662 791 2725 ego
807 2643 923 2708 ducere
938 2648 1062 2711 Paulam

297 2719 391 2780 Nolo:
408 2742 482 2784 anus
497 2731 561 2799 est3
582 2724 712 2807 vellem,
735 2730 761 2788 si
776 2732 872 2811 magis
886 2741 973 2795 esset
988 2756 1070 2798 anus.

673 2861 722 2923 [x

254 2952 395 3015 Undenis
409 2955 604 3039 pedibusque
618 2959 808 3041 syllabisque

251 3035 295 3097 lit
307 3037 403 3100 multo
419 3041 501 3120 sale,
522 3062 581 3103 nec
596 3050 700 3104 tamen
714 3054 880 3127 protervo,

252 3119 349 3183 Notus
364 3128 507 3202 gentibus
521 3126 578 3188 ille
593 3128 749 3189 Martialis

251 3204 293 3264 Et
307 3215 398 3269 notus
415 3210 538 3290 populis
552 3244 595 3255 -
610 3213 684 3291 quid
698 3213 867 3275 invidetis?
879 3252 922 3261 -

230 3286 321 3348 5Non
338 3310 404 3352 sum
420 3295 637 3357 Andraemone
651 3300 756 3359 notior
773 3298 901 3362 caballo.

666 3432 704 3495 X.

251 3536 327 3597 (ium
341 3545 391 3617 tu,
410 3539 574 3621 laurigeris
589 3565 702 3607 annum
716 3549 768 3624 qui
780 3548 917 3612 fascibus
931 3550 1043 3626 lutras,

292 3622 386 3681 Mane
401 3623 550 3685 salutator
564 3625 672 3688 limina
687 3629 773 3691 mille
790 3638 892 3710 teras,
