2442 4209
163 286 226 351 150
485 285 529 346 Μ.
544 284 636 347 VAL.
652 283 879 345 Manutius

245 441 341 516 Quam
355 436 406 498 vel
421 435 461 497 ad
474 434 605 497 Aetolae
620 454 758 497 securum
773 436 909 517 cuspidis
922 438 1005 499 ictus

288 523 404 583 Texuit
415 522 569 581 innumeri
584 519 721 581 lubricus
735 522 845 599 unguis
861 523 944 602 apri:

223 605 336 669 5Felix
350 611 435 666 sorte
450 611 520 682 tua,
542 624 662 665 sacrum
678 605 727 665 cui
740 611 870 684 tangere
883 614 994 687 pectus

285 690 346 752 Fas
362 690 424 750 erit
438 695 472 749 et
484 690 584 750 nostri
598 694 703 749 mente
717 687 822 750 calere
836 688 898 750 dei.

244 777 257 836 l
272 793 374 835 comes
389 781 423 834 et
435 792 560 852 mrguos
574 771 683 833 illaesi
696 792 820 835 merere
834 776 1010 855 triumphos

285 856 502 938 Palmataeque
519 857 645 936 ducem,
666 856 722 917 aed
737 859 816 936 cito,
838 857 937 919 redde
953 865 1052 938 togae.

656 992 704 1056 [Π.

247 1111 311 1170 Cur
324 1127 386 1168 non
400 1108 490 1168 mitto
507 1127 593 1169 meos
610 1108 684 1185 tibi,
706 1072 899 1184 Pontiliane‚
920 1103 1075 1167 libellos?
1197 1079 1198 1104 1

287 1194 334 1253 Ne
347 1192 423 1252 mihi
437 1196 471 1251 tu
489 1193 610 1269 mittas,
632 1189 824 1269 Pontiliune‚
845 1198 924 1253 tuos.

655 1324 705 1387 [V.

246 1439 353 1515 Esset,
376 1436 531 1516 castrice,
553 1457 622 1497 cum
640 1435 713 1497 mali
728 1435 859 1516 coloris,
955 1499 964 1506 ,

246 1522 363 1583 Versus
378 1521 517 1581 scribere
530 1522 635 1601 coepit
649 1521 816 1601 Oppianus.

666 1653 704 1716 V.

248 1767 280 1827 Si
295 1765 501 1845 desiderium,
525 1768 655 1844 Caesar,
675 1765 850 1847 populique
862 1773 1048 1847 patrumque

288 1852 430 1933 Respicis
445 1857 478 1912 et
492 1850 599 1911 Latiae
616 1851 726 1929 gaudia
739 1869 815 1911 vera
828 1858 936 1930 togae,

246 1935 356 1996 Redde
372 1934 462 1996 deum
476 1936 556 1995 votis
573 1936 789 2016 porrcentibu:
810 1934 933 2013 invidet
941 1935 1027 1995 hosti
1059 1964 1062 1967 >

287 2020 466 2097 Romano,
486 2020 590 2079 veniat
607 2018 714 2080 laurea
730 2018 826 2081 multa
838 2018 924 2082 licet.

209 2118 210 2121 ’
225 2104 418 2167 5Terrarum
434 2102 590 2163 dominum
603 2106 731 2184 propius
745 2103 831 2165 videt
845 2102 916 2181 ille,
936 2109 1055 2180 tuoque

289 2189 443 2248 Terretur
457 2186 542 2247 voltu
555 2189 704 2266 barbarus
718 2193 751 2247 et
765 2188 888 2249 fruitur.

641 2320 710 2397 ιι.

246 2448 368 2528 Ecquid
380 2447 596 2529 Hyperboreis
611 2447 651 2508 ad
665 2467 721 2509 nos
737 2444 903 2510 conversus
917 2449 955 2509 ab
971 2449 1038 2510 oria

287 2533 437 2593 Ausonias
451 2532 640 2593 Caesarium
654 2536 744 2611 parat
756 2534 805 2594 ire
818 2534 903 2594 vias?

248 2618 360 2678 Certus
375 2619 463 2677 abest
476 2624 600 2694 auctor,
624 2616 682 2676 sed
696 2637 754 2677 vox
767 2618 827 2677 hoc
841 2618 967 2677 nunciat
981 2617 1100 2677 omnis:

291 2700 395 2762 Credo
409 2701 483 2761 tibi:
505 2719 611 2760 verum
627 2700 750 2780 dicere,
771 2702 882 2780 Fama,
902 2699 993 2761 soles.

227 2784 378 2848 5Publica
393 2787 538 2845 victrices
553 2790 709 2844 testantur
725 2785 834 2864 gaudia
849 2786 991 2861 chartae,

288 2870 402 2930 Martia
414 2866 571 2947 laurigera
585 2867 713 2949 cuspide
726 2868 791 2951 pila
803 2871 913 2930 virent.

246 2952 378 3033 Rursus,
401 2955 448 3032 io,
470 2972 595 3032 magnos
614 2952 725 3014 clamat
737 2955 796 3015 tibi
810 2954 1098 3034 Romatriumphos

289 3037 484 3117 invictusque
498 3045 567 3115 tua,
591 3038 723 3115 Caesar,
747 3039 780 3098 in
795 3040 873 3098 urbe
888 3057 989 3100 sonas.

247 3119 311 3181 Sed
325 3123 385 3183 iam
397 3120 536 3182 laetitiae
551 3141 611 3201 quo
627 3124 669 3182 sit
681 3122 795 3183 fiducia
809 3123 923 3199 maior,

204 3215 239 3267 10
288 3204 474 3267 Sarmaticae
487 3205 591 3266 laurus
603 3207 734 3266 nuncius
747 3208 815 3287 ipse
829 3208 909 3266 veni.

652 3340 716 3403 VH.

245 3449 385 3511 Hiberna
400 3452 535 3531 quamvis
549 3455 662 3515 Arctos
680 3460 712 3513 et
727 3450 814 3512 rudis
828 3426 932 3511 Peuce
996 3475 1000 3481 ·

243 3533 286 3595 Et
298 3534 480 3613 ungularum
494 3534 635 3616 pulsibus
649 3535 753 3598 calens
768 3536 879 3595 Hister
