<?xml version="1.0" encoding="UTF-8"?>
<!DOCTYPE html PUBLIC "-//W3C//DTD XHTML 1.0 Transitional//EN"
    "http://www.w3.org/TR/xhtml1/DTD/xhtml1-transitional.dtd">
<html xmlns="http://www.w3.org/1999/xhtml" xml:lang="en" lang="en">
 <head>
  <title>
</title>
<meta http-equiv="Content-Type" content="text/html;charset=utf-8" />
  <meta name='ocr-system' content='tesseract 3.04.00' />
  <meta name='ocr-capabilities' content='ocr_page ocr_carea ocr_par ocr_line ocrx_word'/>
</head>
<body>
  <div class='ocr_page' id='page_1' title='image "./mvalmartialisep02martgoog_0056.png"; bbox 0 0 2442 4209; ppageno 0'>
   <div class='ocr_carea' id='block_1_1' title="bbox 152 324 875 392">
    <p class='ocr_par' dir='ltr' id='par_1_1' title="bbox 152 324 875 392">
     <span class='ocr_line' id='line_1_1' title="bbox 152 324 875 392; baseline 0.003 -2"><span class='ocrx_word' id='word_1_1' title='bbox 152 324 196 390; x_wconf 81' lang='grc'><strong>36</strong></span> <span class='ocrx_word' id='word_1_2' title='bbox 476 324 522 390; x_wconf 89' lang='grc' dir='ltr'><strong>Μ.</strong></span> <span class='ocrx_word' id='word_1_3' title='bbox 537 325 631 388; x_wconf 82' lang='lat' dir='ltr'>VAL.</span> <span class='ocrx_word' id='word_1_4' title='bbox 646 325 875 392; x_wconf 71' lang='lat' dir='ltr'><strong>munitus</strong></span> 
     </span>
    </p>
   </div>
   <div class='ocr_carea' id='block_1_2' title="bbox 194 477 952 1800">
    <p class='ocr_par' dir='ltr' id='par_1_2' title="bbox 194 477 952 1800">
     <span class='ocr_line' id='line_1_2' title="bbox 237 477 778 558; baseline 0 -20"><span class='ocrx_word' id='word_1_5' title='bbox 237 477 333 538; x_wconf 84' lang='lat' dir='ltr'><strong>Psret</strong></span> <span class='ocrx_word' id='word_1_6' title='bbox 345 477 512 558; x_wconf 73' lang='lat' dir='ltr'><strong>purpureis</strong></span> <span class='ocrx_word' id='word_1_7' title='bbox 526 481 602 556; x_wconf 81' lang='lat' dir='ltr'><strong>s&#39;per</strong></span> <span class='ocrx_word' id='word_1_8' title='bbox 617 477 778 556; x_wconf 54' lang='lat' dir='ltr'><strong>capistria</strong></span> 
     </span>
     <span class='ocr_line' id='line_1_3' title="bbox 238 558 884 642; baseline 0.002 -20"><span class='ocrx_word' id='word_1_9' title='bbox 238 561 363 642; x_wconf 85' lang='lat' dir='ltr'><strong>Turpes</strong></span> <span class='ocrx_word' id='word_1_10' title='bbox 377 559 489 621; x_wconf 82' lang='lat' dir='ltr'><strong>essedo</strong></span> <span class='ocrx_word' id='word_1_11' title='bbox 504 558 589 640; x_wconf 84' lang='lat' dir='ltr'><strong>quod</strong></span> <span class='ocrx_word' id='word_1_12' title='bbox 601 561 730 620; x_wconf 71' lang='lat' dir='ltr'><strong>omont</strong></span> <span class='ocrx_word' id='word_1_13' title='bbox 742 561 884 623; x_wconf 81' lang='lat' dir='ltr'><strong>bisontes</strong></span> 
     </span>
     <span class='ocr_line' id='line_1_4' title="bbox 236 642 836 724; baseline -0.002 -17"><span class='ocrx_word' id='word_1_14' title='bbox 236 644 279 707; x_wconf 76' lang='lat' dir='ltr'><strong>lit</strong></span> <span class='ocrx_word' id='word_1_15' title='bbox 293 642 404 708; x_wconf 84' lang='lat' dir='ltr'><strong>molles</strong></span> <span class='ocrx_word' id='word_1_16' title='bbox 418 643 495 706; x_wconf 74' lang='lat' dir='ltr'><strong>ciere</strong></span> <span class='ocrx_word' id='word_1_17' title='bbox 509 645 593 706; x_wconf 82' lang='lat' dir='ltr'><strong>iusso</strong></span> <span class='ocrx_word' id='word_1_18' title='bbox 607 642 692 724; x_wconf 84' lang='lat' dir='ltr'><strong>quod</strong></span> <span class='ocrx_word' id='word_1_19' title='bbox 705 644 836 706; x_wconf 75' lang='lat' dir='ltr'><strong>choreus</strong></span> 
     </span>
     <span class='ocr_line' id='line_1_5' title="bbox 195 726 802 809; baseline -0.01 -15"><span class='ocrx_word' id='word_1_20' title='bbox 195 739 230 795; x_wconf 88' lang='lat'><strong>10</strong></span> <span class='ocrx_word' id='word_1_21' title='bbox 236 727 332 808; x_wconf 75' lang='lat' dir='ltr'><strong>Nigro</strong></span> <span class='ocrx_word' id='word_1_22' title='bbox 345 726 439 790; x_wconf 79' lang='lat' dir='ltr'><strong>belus</strong></span> <span class='ocrx_word' id='word_1_23' title='bbox 451 747 516 790; x_wconf 92' lang='lat' dir='ltr'><strong>non</strong></span> <span class='ocrx_word' id='word_1_24' title='bbox 529 734 623 809; x_wconf 75' lang='lat' dir='ltr'><strong>negot</strong></span> <span class='ocrx_word' id='word_1_25' title='bbox 636 728 802 808; x_wconf 67' lang='lat' dir='ltr'><strong>magistroz</strong></span> 
     </span>
     <span class='ocr_line' id='line_1_6' title="bbox 237 810 851 894; baseline -0.003 -20"><span class='ocrx_word' id='word_1_26' title='bbox 237 813 313 890; x_wconf 77' lang='lat' dir='ltr'><strong>Quis</strong></span> <span class='ocrx_word' id='word_1_27' title='bbox 328 810 504 894; x_wconf 73' lang='lat' dir='ltr'><strong>spectaculo</strong></span> <span class='ocrx_word' id='word_1_28' title='bbox 517 831 581 874; x_wconf 91' lang='lat' dir='ltr'><strong>non</strong></span> <span class='ocrx_word' id='word_1_29' title='bbox 594 818 686 894; x_wconf 90' lang='lat' dir='ltr'><strong>putet</strong></span> <span class='ocrx_word' id='word_1_30' title='bbox 701 811 851 874; x_wconf 67' lang='lat' dir='ltr'><strong>deorum?</strong></span> 
     </span>
     <span class='ocr_line' id='line_1_7' title="bbox 237 897 952 979; baseline 0.003 -21"><span class='ocrx_word' id='word_1_31' title='bbox 237 897 324 958; x_wconf 73' lang='lat' dir='ltr'><strong>Haec</strong></span> <span class='ocrx_word' id='word_1_32' title='bbox 338 898 453 960; x_wconf 80' lang='lat' dir='ltr'><strong>transit</strong></span> <span class='ocrx_word' id='word_1_33' title='bbox 465 903 584 976; x_wconf 64' lang='lat' dir='ltr'><strong>umen,</strong></span> <span class='ocrx_word' id='word_1_34' title='bbox 605 903 641 957; x_wconf 92' lang='lat' dir='ltr'><strong>ut</strong></span> <span class='ocrx_word' id='word_1_35' title='bbox 653 897 790 976; x_wconf 78' lang='lat' dir='ltr'><strong>minore,</strong></span> <span class='ocrx_word' id='word_1_36' title='bbox 812 897 952 979; x_wconf 80' lang='lat' dir='ltr'><strong>quisquis</strong></span> 
     </span>
     <span class='ocr_line' id='line_1_8' title="bbox 236 978 781 1060; baseline -0.007 -14"><span class='ocrx_word' id='word_1_37' title='bbox 236 980 376 1046; x_wconf 80' lang='lat' dir='ltr'><strong>Venatus</strong></span> <span class='ocrx_word' id='word_1_38' title='bbox 387 979 522 1044; x_wconf 86' lang='lat' dir='ltr'><strong>humiles</strong></span> <span class='ocrx_word' id='word_1_39' title='bbox 537 979 623 1042; x_wconf 84' lang='lat' dir='ltr'><strong>ridet</strong></span> <span class='ocrx_word' id='word_1_40' title='bbox 636 978 781 1060; x_wconf 91' lang='lat' dir='ltr'><strong>leonum,</strong></span> 
     </span>
     <span class='ocr_line' id='line_1_9' title="bbox 237 1063 822 1146; baseline 0.005 -21"><span class='ocrx_word' id='word_1_41' title='bbox 237 1065 323 1142; x_wconf 77' lang='lat' dir='ltr'><strong>Quos</strong></span> <span class='ocrx_word' id='word_1_42' title='bbox 335 1063 427 1127; x_wconf 82' lang='lat' dir='ltr'><strong>velox</strong></span> <span class='ocrx_word' id='word_1_43' title='bbox 439 1064 582 1146; x_wconf 79' lang='lat' dir='ltr'><strong>leporum</strong></span> <span class='ocrx_word' id='word_1_44' title='bbox 595 1065 690 1126; x_wconf 87' lang='lat' dir='ltr'><strong>timor</strong></span> <span class='ocrx_word' id='word_1_45' title='bbox 703 1065 822 1144; x_wconf 73' lang='lat' dir='ltr'><strong>fatiget.</strong></span> 
     </span>
     <span class='ocr_line' id='line_1_10' title="bbox 195 1149 894 1234; baseline -0.001 -21"><span class='ocrx_word' id='word_1_46' title='bbox 195 1149 420 1230; x_wconf 76' lang='lat' dir='ltr'><strong>lbiiimittunt,</strong></span> <span class='ocrx_word' id='word_1_47' title='bbox 442 1155 591 1231; x_wconf 89' lang='lat' dir='ltr'><strong>repetunt</strong></span> <span class='ocrx_word' id='word_1_48' title='bbox 609 1154 772 1228; x_wconf 75' lang='lat' dir='ltr'><strong>umentque</strong></span> <span class='ocrx_word' id='word_1_49' title='bbox 787 1155 894 1234; x_wconf 78' lang='lat' dir='ltr'><strong>coptos</strong></span> 
     </span>
     <span class='ocr_line' id='line_1_11' title="bbox 236 1232 766 1315; baseline -0.006 -18"><span class='ocrx_word' id='word_1_50' title='bbox 236 1235 280 1297; x_wconf 82' lang='lat' dir='ltr'><strong>Et</strong></span> <span class='ocrx_word' id='word_1_51' title='bbox 294 1235 435 1296; x_wconf 75' lang='lat' dir='ltr'>securior</span> <span class='ocrx_word' id='word_1_52' title='bbox 450 1235 547 1295; x_wconf 87' lang='lat' dir='ltr'><strong>estin</strong></span> <span class='ocrx_word' id='word_1_53' title='bbox 562 1251 618 1294; x_wconf 90' lang='lat' dir='ltr'><strong>ore</strong></span> <span class='ocrx_word' id='word_1_54' title='bbox 632 1232 766 1315; x_wconf 72' lang='lat' dir='ltr'><strong>praeda,</strong></span> 
     </span>
     <span class='ocr_line' id='line_1_12' title="bbox 237 1317 843 1400; baseline -0.002 -21"><span class='ocrx_word' id='word_1_55' title='bbox 237 1318 338 1380; x_wconf 80' lang='lat' dir='ltr'><strong>buxos</strong></span> <span class='ocrx_word' id='word_1_56' title='bbox 354 1319 404 1380; x_wconf 93' lang='lat' dir='ltr'><strong>cui</strong></span> <span class='ocrx_word' id='word_1_57' title='bbox 418 1317 494 1381; x_wconf 82' lang='lat' dir='ltr'><strong>dore</strong></span> <span class='ocrx_word' id='word_1_58' title='bbox 508 1318 696 1400; x_wconf 73' lang='lat' dir='ltr'><strong>perviosque</strong></span> <span class='ocrx_word' id='word_1_59' title='bbox 710 1318 807 1378; x_wconf 89' lang='lat' dir='ltr'><strong>rictus</strong></span> <span class='ocrx_word' id='word_1_60' title='bbox 838 1372 843 1378; x_wconf 84' lang='lat'><strong>.</strong></span> 
     </span>
     <span class='ocr_line' id='line_1_13' title="bbox 239 1399 913 1480; baseline 0.003 -16"><span class='ocrx_word' id='word_1_61' title='bbox 239 1401 384 1464; x_wconf 72' lang='lat' dir='ltr'><strong>(iaudent</strong></span> <span class='ocrx_word' id='word_1_62' title='bbox 398 1408 432 1464; x_wconf 90' lang='lat' dir='ltr'><strong>et</strong></span> <span class='ocrx_word' id='word_1_63' title='bbox 445 1401 571 1464; x_wconf 88' lang='lat' dir='ltr'><strong>timidos</strong></span> <span class='ocrx_word' id='word_1_64' title='bbox 585 1408 697 1463; x_wconf 86' lang='lat' dir='ltr'><strong>tenere</strong></span> <span class='ocrx_word' id='word_1_65' title='bbox 712 1399 841 1480; x_wconf 84' lang='lat' dir='ltr'><strong>dentes,</strong></span> <span class='ocrx_word' id='word_1_66' title='bbox 909 1460 913 1466; x_wconf 79' lang='grc'><strong>.</strong></span> 
     </span>
     <span class='ocr_line' id='line_1_14' title="bbox 238 1483 905 1566; baseline -0.003 -18"><span class='ocrx_word' id='word_1_67' title='bbox 238 1484 371 1549; x_wconf 86' lang='lat' dir='ltr'><strong>Mollem</strong></span> <span class='ocrx_word' id='word_1_68' title='bbox 384 1486 531 1565; x_wconf 73' lang='lat' dir='ltr'><strong>frangere</strong></span> <span class='ocrx_word' id='word_1_69' title='bbox 547 1485 620 1546; x_wconf 87' lang='lat' dir='ltr'><strong>dum</strong></span> <span class='ocrx_word' id='word_1_70' title='bbox 632 1483 731 1566; x_wconf 86' lang='lat' dir='ltr'><strong>pudet</strong></span> <span class='ocrx_word' id='word_1_71' title='bbox 749 1486 905 1566; x_wconf 78' lang='lat' dir='ltr'><strong>rupinum,</strong></span> 
     </span>
     <span class='ocr_line' id='line_1_15' title="bbox 194 1568 854 1632; baseline 0 0"><span class='ocrx_word' id='word_1_72' title='bbox 194 1569 349 1632; x_wconf 64' lang='lat' dir='ltr'><strong>noscatis</strong></span> <span class='ocrx_word' id='word_1_73' title='bbox 363 1589 431 1630; x_wconf 90' lang='lat' dir='ltr'><strong>cum</strong></span> <span class='ocrx_word' id='word_1_74' title='bbox 444 1568 536 1630; x_wconf 87' lang='lat' dir='ltr'><strong>modo</strong></span> <span class='ocrx_word' id='word_1_75' title='bbox 549 1569 694 1631; x_wconf 83' lang='lat' dir='ltr'><strong>venerint</strong></span> <span class='ocrx_word' id='word_1_76' title='bbox 707 1570 854 1632; x_wconf 86' lang='lat' dir='ltr'><strong>iuvencis.</strong></span> 
     </span>
     <span class='ocr_line' id='line_1_16' title="bbox 237 1652 822 1734; baseline -0.003 -19"><span class='ocrx_word' id='word_1_77' title='bbox 237 1653 325 1715; x_wconf 71' lang='lat' dir='ltr'><strong>Haec</strong></span> <span class='ocrx_word' id='word_1_78' title='bbox 342 1652 506 1714; x_wconf 81' lang='lat' dir='ltr'><strong>clementis</strong></span> <span class='ocrx_word' id='word_1_79' title='bbox 520 1672 582 1714; x_wconf 93' lang='lat' dir='ltr'><strong>non</strong></span> <span class='ocrx_word' id='word_1_80' title='bbox 595 1658 724 1734; x_wconf 76' lang='lat' dir='ltr'><strong>peretur</strong></span> <span class='ocrx_word' id='word_1_81' title='bbox 739 1659 822 1732; x_wconf 76' lang='lat' dir='ltr'><strong>erte,</strong></span> 
     </span>
     <span class='ocr_line' id='line_1_17' title="bbox 238 1733 784 1800; baseline -0.002 -1"><span class='ocrx_word' id='word_1_82' title='bbox 238 1736 303 1799; x_wconf 84' lang='lat' dir='ltr'><strong>Sed</strong></span> <span class='ocrx_word' id='word_1_83' title='bbox 317 1743 432 1800; x_wconf 89' lang='lat' dir='ltr'><strong>norunt</strong></span> <span class='ocrx_word' id='word_1_84' title='bbox 451 1740 501 1800; x_wconf 89' lang='lat' dir='ltr'><strong>cui</strong></span> <span class='ocrx_word' id='word_1_85' title='bbox 515 1739 652 1799; x_wconf 76' lang='lat' dir='ltr'><strong>serviant</strong></span> <span class='ocrx_word' id='word_1_86' title='bbox 663 1733 784 1798; x_wconf 87' lang='lat' dir='ltr'><strong>leones.</strong></span> 
     </span>
    </p>
   </div>
   <div class='ocr_carea' id='block_1_3' title="bbox 643 1871 709 1933">
    <p class='ocr_par' dir='ltr' id='par_1_3' title="bbox 643 1871 709 1933">
     <span class='ocr_line' id='line_1_18' title="bbox 643 1871 709 1933; baseline 0 -1"><span class='ocrx_word' id='word_1_87' title='bbox 643 1871 709 1933; x_wconf 81' lang='lat' dir='ltr'><strong>GV.</strong></span> 
     </span>
    </p>
   </div>
   <div class='ocr_carea' id='block_1_4' title="bbox 237 1980 1000 2314">
    <p class='ocr_par' dir='ltr' id='par_1_4' title="bbox 237 1980 1000 2314">
     <span class='ocr_line' id='line_1_19' title="bbox 239 1980 1000 2061; baseline -0.004 -17"><span class='ocrx_word' id='word_1_88' title='bbox 239 1983 275 2044; x_wconf 87' lang='lat' dir='ltr'><strong>In</strong></span> <span class='ocrx_word' id='word_1_89' title='bbox 290 1983 509 2061; x_wconf 73' lang='lat' dir='ltr'><strong>Nomentanis,</strong></span> <span class='ocrx_word' id='word_1_90' title='bbox 530 1980 637 2060; x_wconf 84' lang='lat' dir='ltr'><strong>Ovidi,</strong></span> <span class='ocrx_word' id='word_1_91' title='bbox 660 1981 743 2061; x_wconf 87' lang='lat' dir='ltr'><strong>quod</strong></span> <span class='ocrx_word' id='word_1_92' title='bbox 756 1981 894 2042; x_wconf 84' lang='lat' dir='ltr'><strong>nuscitur</strong></span> <span class='ocrx_word' id='word_1_93' title='bbox 908 1981 1000 2061; x_wconf 65' lang='lat' dir='ltr'><strong>arms,</strong></span> 
     </span>
     <span class='ocr_line' id='line_1_20' title="bbox 280 2065 983 2149; baseline -0.001 -22"><span class='ocrx_word' id='word_1_94' title='bbox 280 2068 412 2149; x_wconf 83' lang='lat' dir='ltr'><strong>Accepit</strong></span> <span class='ocrx_word' id='word_1_95' title='bbox 426 2066 569 2146; x_wconf 87' lang='lat' dir='ltr'><strong>quotiens</strong></span> <span class='ocrx_word' id='word_1_96' title='bbox 586 2072 728 2147; x_wconf 78' lang='lat' dir='ltr'><strong>tempore</strong></span> <span class='ocrx_word' id='word_1_97' title='bbox 741 2065 834 2144; x_wconf 78' lang='lat' dir='ltr'><strong>longo</strong></span> <span class='ocrx_word' id='word_1_98' title='bbox 846 2084 983 2146; x_wconf 88' lang='lat' dir='ltr'><strong>merum,</strong></span> 
     </span>
     <span class='ocr_line' id='line_1_21' title="bbox 237 2151 907 2230; baseline -0.003 -17"><span class='ocrx_word' id='word_1_99' title='bbox 237 2151 331 2213; x_wconf 81' lang='lat' dir='ltr'><strong>Exuit</strong></span> <span class='ocrx_word' id='word_1_100' title='bbox 345 2169 459 2211; x_wconf 78' lang='lat' dir='ltr'><strong>unnosu</strong></span> <span class='ocrx_word' id='word_1_101' title='bbox 473 2169 576 2212; x_wconf 86' lang='lat' dir='ltr'><strong>mores</strong></span> <span class='ocrx_word' id='word_1_102' title='bbox 589 2169 765 2230; x_wconf 87' lang='lat' dir='ltr'><strong>nomenque</strong></span> <span class='ocrx_word' id='word_1_103' title='bbox 779 2157 907 2211; x_wconf 86' lang='lat' dir='ltr'><strong>senectn</strong></span> 
     </span>
     <span class='ocr_line' id='line_1_22' title="bbox 279 2233 961 2314; baseline 0.001 -17"><span class='ocrx_word' id='word_1_104' title='bbox 279 2235 322 2297; x_wconf 79' lang='lat' dir='ltr'><strong>nt</strong></span> <span class='ocrx_word' id='word_1_105' title='bbox 331 2233 488 2314; x_wconf 66' lang='lat' dir='ltr'><strong>quidqud</strong></span> <span class='ocrx_word' id='word_1_106' title='bbox 500 2233 618 2314; x_wconf 83' lang='lat' dir='ltr'><strong>voluit,</strong></span> <span class='ocrx_word' id='word_1_107' title='bbox 638 2240 720 2296; x_wconf 79' lang='lat' dir='ltr'><strong>testu</strong></span> <span class='ocrx_word' id='word_1_108' title='bbox 733 2240 861 2296; x_wconf 83' lang='lat' dir='ltr'><strong>vocatur</strong></span> <span class='ocrx_word' id='word_1_109' title='bbox 876 2253 961 2298; x_wconf 76' lang='lat' dir='ltr'><strong>snus.</strong></span> 
     </span>
    </p>
   </div>
   <div class='ocr_carea' id='block_1_5' title="bbox 637 2367 716 2431">
    <p class='ocr_par' dir='ltr' id='par_1_5' title="bbox 637 2367 716 2431">
     <span class='ocr_line' id='line_1_23' title="bbox 637 2367 716 2431; baseline 0 -1"><span class='ocrx_word' id='word_1_110' title='bbox 637 2367 716 2431; x_wconf 83' lang='lat' dir='ltr'><strong>cvl.</strong></span> 
     </span>
    </p>
   </div>
   <div class='ocr_carea' id='block_1_6' title="bbox 136 2479 970 3318">
    <p class='ocr_par' dir='ltr' id='par_1_6' title="bbox 136 2479 970 3318">
     <span class='ocr_line' id='line_1_24' title="bbox 237 2479 819 2563; baseline 0 -23"><span class='ocrx_word' id='word_1_111' title='bbox 237 2479 413 2563; x_wconf 73' lang='lat' dir='ltr'><strong>interponis</strong></span> <span class='ocrx_word' id='word_1_112' title='bbox 428 2500 536 2563; x_wconf 79' lang='lat' dir='ltr'><strong>equum</strong></span> <span class='ocrx_word' id='word_1_113' title='bbox 550 2479 699 2560; x_wconf 85' lang='lat' dir='ltr'><strong>subinde,</strong></span> <span class='ocrx_word' id='word_1_114' title='bbox 719 2479 819 2559; x_wconf 75' lang='lat' dir='ltr'><strong>Rufe,</strong></span> 
     </span>
     <span class='ocr_line' id='line_1_25' title="bbox 238 2563 754 2645; baseline -0.002 -18"><span class='ocrx_word' id='word_1_115' title='bbox 238 2564 322 2628; x_wconf 81' lang='lat' dir='ltr'><strong>Etsi</strong></span> <span class='ocrx_word' id='word_1_116' title='bbox 337 2566 460 2644; x_wconf 84' lang='lat' dir='ltr'><strong>cogeris</strong></span> <span class='ocrx_word' id='word_1_117' title='bbox 475 2586 493 2625; x_wconf 84' lang='lat' dir='ltr'><strong>o</strong></span> <span class='ocrx_word' id='word_1_118' title='bbox 507 2563 630 2645; x_wconf 75' lang='lat' dir='ltr'><strong>sodale,</strong></span> <span class='ocrx_word' id='word_1_119' title='bbox 652 2585 754 2626; x_wconf 76' lang='lat' dir='ltr'><strong>rerem</strong></span> 
     </span>
     <span class='ocr_line' id='line_1_26' title="bbox 237 2647 717 2716; baseline 0 -8"><span class='ocrx_word' id='word_1_120' title='bbox 237 2647 336 2710; x_wconf 89' lang='lat' dir='ltr'><strong>Diluti</strong></span> <span class='ocrx_word' id='word_1_121' title='bbox 350 2650 431 2710; x_wconf 84' lang='lat' dir='ltr'><strong>bibis</strong></span> <span class='ocrx_word' id='word_1_122' title='bbox 445 2651 565 2710; x_wconf 74' lang='lat' dir='ltr'><strong>unciam</strong></span> <span class='ocrx_word' id='word_1_123' title='bbox 577 2648 717 2716; x_wconf 78' lang='lat' dir='ltr'><strong>Falerni,</strong></span> 
     </span>
     <span class='ocr_line' id='line_1_27' title="bbox 238 2730 823 2814; baseline -0.002 -20"><span class='ocrx_word' id='word_1_124' title='bbox 238 2731 393 2813; x_wconf 83' lang='lat' dir='ltr'><strong>Numquid</strong></span> <span class='ocrx_word' id='word_1_125' title='bbox 408 2730 550 2814; x_wconf 86' lang='lat' dir='ltr'><strong>pollicito</strong></span> <span class='ocrx_word' id='word_1_126' title='bbox 564 2734 686 2794; x_wconf 86' lang='lat' dir='ltr'><strong>esttibi</strong></span> <span class='ocrx_word' id='word_1_127' title='bbox 701 2734 823 2794; x_wconf 72' lang='lat' dir='ltr'><strong>beatum</strong></span> 
     </span>
     <span class='ocr_line' id='line_1_28' title="bbox 218 2815 903 2897; baseline 0.001 -21"><span class='ocrx_word' id='word_1_128' title='bbox 218 2815 371 2878; x_wconf 86' lang='lat' dir='ltr'><strong>5Noctem</strong></span> <span class='ocrx_word' id='word_1_129' title='bbox 384 2817 499 2878; x_wconf 80' lang='lat' dir='ltr'><strong>Naevio</strong></span> <span class='ocrx_word' id='word_1_130' title='bbox 514 2817 696 2897; x_wconf 84' lang='lat' dir='ltr'><strong>sobriasque</strong></span> <span class='ocrx_word' id='word_1_131' title='bbox 710 2817 804 2878; x_wconf 73' lang='lat' dir='ltr'><strong>muris</strong></span> <span class='ocrx_word' id='word_1_132' title='bbox 820 2846 824 2851; x_wconf 94' lang='lat'>·</span> <span class='ocrx_word' id='word_1_133' title='bbox 898 2838 903 2842; x_wconf 85' lang='lat'><strong>·</strong></span> 
     </span>
     <span class='ocr_line' id='line_1_29' title="bbox 239 2900 788 2981; baseline -0.002 -20"><span class='ocrx_word' id='word_1_134' title='bbox 239 2900 353 2962; x_wconf 73' lang='lat' dir='ltr'><strong>certae</strong></span> <span class='ocrx_word' id='word_1_135' title='bbox 366 2901 521 2981; x_wconf 83' lang='lat' dir='ltr'><strong>nequities</strong></span> <span class='ocrx_word' id='word_1_136' title='bbox 536 2900 722 2963; x_wconf 77' lang='lat' dir='ltr'><strong>intutionis‘i</strong></span> <span class='ocrx_word' id='word_1_137' title='bbox 786 2906 788 2909; x_wconf 82' lang='grc'><strong>’</strong></span> 
     </span>
     <span class='ocr_line' id='line_1_30' title="bbox 136 2983 838 3066; baseline 0.004 -22"><span class='ocrx_word' id='word_1_138' title='bbox 136 3007 139 3015; x_wconf 93' lang='grc'><strong><em>·</em></strong></span> <span class='ocrx_word' id='word_1_139' title='bbox 238 2983 398 3066; x_wconf 74' lang='lat' dir='ltr'><strong>suspires,</strong></span> <span class='ocrx_word' id='word_1_140' title='bbox 418 2987 551 3064; x_wconf 85' lang='lat' dir='ltr'><strong>retices,</strong></span> <span class='ocrx_word' id='word_1_141' title='bbox 571 2986 683 3064; x_wconf 84' lang='lat' dir='ltr'><strong>gemis:</strong></span> <span class='ocrx_word' id='word_1_142' title='bbox 705 2985 838 3064; x_wconf 79' lang='lat' dir='ltr'><strong>negavit.</strong></span> 
     </span>
     <span class='ocr_line' id='line_1_31' title="bbox 239 3068 808 3150; baseline 0 -21"><span class='ocrx_word' id='word_1_143' title='bbox 239 3068 376 3130; x_wconf 75' lang='lat' dir='ltr'><strong>Crebros</strong></span> <span class='ocrx_word' id='word_1_144' title='bbox 392 3087 467 3150; x_wconf 78' lang='lat' dir='ltr'><strong>ergo</strong></span> <span class='ocrx_word' id='word_1_145' title='bbox 482 3068 559 3131; x_wconf 87' lang='lat' dir='ltr'><strong>licet</strong></span> <span class='ocrx_word' id='word_1_146' title='bbox 572 3070 660 3131; x_wconf 80' lang='lat' dir='ltr'><strong>bibus</strong></span> <span class='ocrx_word' id='word_1_147' title='bbox 673 3070 808 3131; x_wconf 87' lang='lat' dir='ltr'><strong>trientes</strong></span> 
     </span>
     <span class='ocr_line' id='line_1_32' title="bbox 239 3150 808 3233; baseline 0.005 -21"><span class='ocrx_word' id='word_1_148' title='bbox 239 3151 282 3213; x_wconf 82' lang='lat' dir='ltr'><strong>Et</strong></span> <span class='ocrx_word' id='word_1_149' title='bbox 296 3150 405 3214; x_wconf 84' lang='lat' dir='ltr'><strong>durum</strong></span> <span class='ocrx_word' id='word_1_150' title='bbox 418 3152 540 3233; x_wconf 79' lang='lat' dir='ltr'><strong>iugules</strong></span> <span class='ocrx_word' id='word_1_151' title='bbox 554 3173 640 3214; x_wconf 89' lang='lat' dir='ltr'><strong>mero</strong></span> <span class='ocrx_word' id='word_1_152' title='bbox 657 3151 808 3215; x_wconf 87' lang='lat' dir='ltr'><strong>dolorem.</strong></span> 
     </span>
     <span class='ocr_line' id='line_1_33' title="bbox 197 3233 970 3318; baseline 0.001 -20"><span class='ocrx_word' id='word_1_153' title='bbox 197 3233 321 3314; x_wconf 73' lang='lat' dir='ltr'><strong>loquio</strong></span> <span class='ocrx_word' id='word_1_154' title='bbox 336 3239 439 3318; x_wconf 82' lang='lat' dir='ltr'><strong>porcis</strong></span> <span class='ocrx_word' id='word_1_155' title='bbox 456 3239 533 3318; x_wconf 85' lang='lat' dir='ltr'><strong>tibi,</strong></span> <span class='ocrx_word' id='word_1_156' title='bbox 555 3237 660 3300; x_wconf 70' lang='lat' dir='ltr'><strong>Rufe?</strong></span> <span class='ocrx_word' id='word_1_157' title='bbox 678 3233 897 3299; x_wconf 81' lang='lat' dir='ltr'><strong>dormiendum</strong></span> <span class='ocrx_word' id='word_1_158' title='bbox 911 3241 970 3299; x_wconf 85' lang='lat' dir='ltr'><strong>est.</strong></span> 
     </span>
    </p>
   </div>
   <div class='ocr_carea' id='block_1_7' title="bbox 633 3371 726 3436">
    <p class='ocr_par' dir='ltr' id='par_1_7' title="bbox 633 3371 726 3436">
     <span class='ocr_line' id='line_1_34' title="bbox 633 3371 726 3436; baseline 0 -1"><span class='ocrx_word' id='word_1_159' title='bbox 633 3371 726 3436; x_wconf 79' lang='lat' dir='ltr'><strong>cvii.</strong></span> 
     </span>
    </p>
   </div>
   <div class='ocr_carea' id='block_1_8' title="bbox 239 3481 1110 3648">
    <p class='ocr_par' dir='ltr' id='par_1_8' title="bbox 239 3481 1110 3648">
     <span class='ocr_line' id='line_1_35' title="bbox 239 3481 908 3564; baseline 0.003 -20"><span class='ocrx_word' id='word_1_160' title='bbox 239 3482 340 3564; x_wconf 72' lang='lat' dir='ltr'><strong>Saepe</strong></span> <span class='ocrx_word' id='word_1_161' title='bbox 354 3485 431 3545; x_wconf 90' lang='lat' dir='ltr'><strong>mihi</strong></span> <span class='ocrx_word' id='word_1_162' title='bbox 447 3481 551 3560; x_wconf 82' lang='lat' dir='ltr'><strong>dicis,</strong></span> <span class='ocrx_word' id='word_1_163' title='bbox 561 3483 640 3544; x_wconf 91' lang='lat' dir='ltr'><strong>Luci</strong></span> <span class='ocrx_word' id='word_1_164' title='bbox 657 3485 816 3546; x_wconf 80' lang='lat' dir='ltr'><strong>carissime</strong></span> <span class='ocrx_word' id='word_1_165' title='bbox 832 3482 908 3564; x_wconf 86' lang='lat' dir='ltr'><strong>iuli,</strong></span> 
     </span>
     <span class='ocr_line' id='line_1_36' title="bbox 280 3565 1110 3648; baseline 0.002 -19"><span class='ocrx_word' id='word_1_166' title='bbox 280 3567 413 3648; x_wconf 87' lang='lat' dir='ltr'><strong>„Scribe</strong></span> <span class='ocrx_word' id='word_1_167' title='bbox 432 3565 550 3648; x_wconf 84' lang='lat' dir='ltr'><strong>aliquid</strong></span> <span class='ocrx_word' id='word_1_168' title='bbox 562 3587 719 3648; x_wconf 80' lang='lat' dir='ltr'><strong>magnum:</strong></span> <span class='ocrx_word' id='word_1_169' title='bbox 741 3567 916 3630; x_wconf 87' lang='lat' dir='ltr'><strong>desidiosus</strong></span> <span class='ocrx_word' id='word_1_170' title='bbox 929 3568 1020 3630; x_wconf 88' lang='lat' dir='ltr'><strong>bomo</strong></span> <span class='ocrx_word' id='word_1_171' title='bbox 1038 3567 1110 3634; x_wconf 56' lang='grc' dir='ltr'><strong>αὖ(</strong></span> 
     </span>
    </p>
   </div>
   <div class='ocr_carea' id='block_1_9' title="bbox 0 0 1226 4209">
    <p class='ocr_par' dir='ltr' id='par_1_9' title="bbox 0 0 1226 4209">
     <span class='ocr_line' id='line_1_37' title="bbox 0 0 1226 4209; baseline 0 0"><span class='ocrx_word' id='word_1_172' title='bbox 0 0 1226 4209; x_wconf 95' lang='lat' dir='ltr'><strong> </strong></span> 
     </span>
    </p>
   </div>
  </div>
 </body>
</html>
