2442 4209
143 344 208 410 284
471 346 621 411 MVAL.
635 346 861 411 MARTIALIS

648 550 686 613 V.

226 679 363 758 Longior
376 675 531 739 undecimi
545 680 635 738 nobie
651 677 824 761 decimique
838 674 941 743 necin

268 763 396 823 Artatus
408 761 497 824 labor
512 770 561 823 ert
575 768 608 822 et
621 764 717 823 breve
732 766 808 825 raait
823 784 909 845 opus.

226 845 320 909 Plura
333 846 439 926 legant
450 840 553 925 vacui,
574 846 684 926 quibua
700 850 763 908 otia
777 855 844 910 tute
859 844 989 931 dedisti3

268 932 354 991 Haec
368 930 440 1009 lege
455 936 505 1008 tu,
526 930 660 1007 (iaceam
678 930 785 993 forsan
801 938 833 993 et
848 932 904 995 illa
918 934 1013 1015 leges.
1034 936 1035 941 ’

639 1096 689 1158 Vl.

226 1224 365 1305 Contigit
378 1226 533 1286 Ausoniae
545 1244 712 1307 procerum
725 1226 903 1287 mitissimus
915 1226 1002 1288 culce

267 1308 385 1385 Nerva;
404 1308 481 1371 lieet
495 1316 561 1370 toto
577 1328 658 1369 nunc
675 1307 830 1370 Helicone
843 1310 916 1373 frui.

226 1393 323 1453 Recta
336 1392 450 1471 Fides,
471 1392 580 1453 hilaria
596 1392 789 1471 Clementia,
811 1399 898 1454 cauta
911 1395 1048 1455 Potestas

266 1477 328 1537 lam
343 1474 491 1538 redeunt:
511 1476 598 1557 longi
611 1486 700 1557 terga
709 1476 833 1538 ¹dedere
844 1478 958 1539 Metus.

202 1561 293 1622 5Hoc
306 1561 413 1643 populi
426 1568 701 1642 guetomorum,
719 1564 775 1643 piu
785 1562 896 1641 nomi,
914 1570 1086 1643 precentur:

266 1645 334 1706 Dux
346 1646 405 1706 tibi
419 1649 461 1707 ait
474 1665 598 1728 semper
611 1644 699 1724 talia,
721 1652 755 1707 et
766 1647 827 1707 iste
842 1646 903 1707 diu.

224 1730 330 1791 Macte
345 1732 454 1809 animi,
476 1750 566 1812 quem
578 1750 668 1791 rarus
685 1726 797 1808 haber,
818 1749 996 1809 morumque
1011 1737 1128 1807 mortim,

193 1862 196 1869 .
267 1816 351 1891 Quos
365 1815 478 1894 Numa,
501 1834 577 1896 quoe
591 1813 701 1875 hilaris
715 1821 823 1895 posset
836 1816 953 1876 habere
968 1816 1050 1876 Guto.

225 1899 365 1977 Largiri,
385 1907 561 1980 proestare,
581 1901 693 1961 breves
708 1898 879 1961 extendere
890 1919 1002 1961 cenna

183 1993 218 2046 10
264 1984 307 2044 lit
323 1982 397 2044 dare
414 2002 492 2063 quae
507 1982 615 2044 facilen
628 1985 678 2044 vix
691 1985 831 2044 tribuere
846 1984 914 2061 dei,

224 2067 313 2128 Nunc
326 2067 403 2128 licet
417 2074 450 2128 ct
463 2068 509 2128 ias
523 2076 580 2131 ert.
610 2067 675 2129 Sed
688 2074 723 2127 tu
737 2070 792 2129 cub
807 2070 950 2149 principe
965 2066 1039 2128 duro

267 2150 536 2233 Temporibusque
548 2149 638 2213 malis
654 2172 744 2212 anaor
757 2170 792 2213 es
809 2170 878 2212 case
891 2155 1001 2214 bonae.

630 2334 693 2399 vii.

225 2460 307 2521 Toto
322 2462 439 2534 vertice
455 2468 530 2542 quot
543 2463 626 2541 gerit
640 2458 784 2541 capillos,
813 2454 815 2457 ’

223 2547 328 2605 Annos
345 2547 372 2606 ai
386 2553 434 2606 tot
449 2547 544 2607 habet
556 2546 658 2625 Ugia,
680 2546 771 2605 trime
788 2556 844 2605 est.

595 2747 600 2751 “
615 2730 693 2793 vili.

223 2856 393 2917 Terrarum
408 2854 467 2915 dea
481 2856 678 2935 gentiumque
694 2854 807 2933 Roma,

220 2941 279 3002 Cui
295 2961 352 3022 par
367 2947 415 3001 est
429 2936 506 3001 nihil
519 2944 552 2999 et
564 2937 644 2999 nihil
658 2940 840 3018 secundnm,

222 3026 349 3087 Traiani
364 3023 455 3085 modo
468 3023 550 3083 laeta
564 3043 633 3083 cum
646 3023 768 3084 futuros

222 3110 288 3170 Tot
300 3130 358 3191 per
375 3107 497 3170 caecula
511 3113 703 3187 computaret
720 3127 832 3184 annos,

199 3196 264 3256 §Et
277 3194 392 3257 fortem
407 3194 609 3271 iuvenemque
625 3190 834 3271 Martiumque

221 3280 255 3339 in
273 3287 358 3339 tanto
374 3278 452 3337 duce
464 3274 596 3337 militem
611 3274 749 3354 videret,

124 3424 129 3428 .
220 3365 305 3425 Dixit
319 3360 463 3443 praecide
478 3359 613 3439 gloriosa
626 3358 697 3420 talia
923 3435 927 3441 ἡ

221 3448 428 3528 ,,ΡιιῑΙιοιιιιιι
443 3463 592 3526 proceres
607 3443 762 3522 ducesque
781 3442 906 3516 Serum,

221 3534 377 3610 Thracen,
400 3529 616 3607 Sauromatae,
638 3528 752 3607 Getae,
774 3526 932 3605 Britanni,

178 3619 346 3680 lol’oscum
363 3612 530 3676 ostendere
545 3614 726 3686 Gaesarem
748 3611 883 3673 renitc.“
