2442 4209
164 314 227 379 252
335 320 337 327 '
486 312 531 373 Μ.
548 310 883 375 VAL.MART1ALIS

637 464 739 524 xcun

250 560 283 621 Si
297 562 384 640 prior
398 560 574 637 Euganeas,
596 556 760 635 Clemens,
780 558 959 620 Helicaonis
974 579 1041 622 oras

290 642 440 721 Pictaque
453 644 625 723 pampineis
638 639 754 701 videris
767 662 837 701 arva
853 644 951 722 iugis,

248 726 361 787 Perfer
375 665 537 787 Atestinae
550 724 686 787 noudum
700 722 822 803 vulgata
839 727 971 787 Sabinae

292 813 453 888 Carmina,
476 828 634 891 purpurea
648 808 704 869 sed
718 807 810 869 modo
826 809 911 870 culta
925 818 1002 891 toga.

229 896 295 959 5Ut
309 915 380 955 rosa
395 894 547 972 delectat,
569 895 698 953 metitur
711 912 789 972 quae
804 892 929 975 polline
937 899 1051 976 primo,

168 988 173 997 '
291 980 342 1040 Sic
360 1000 436 1041 nova
450 998 508 1039 neo
523 984 627 1038 mento
643 975 768 1037 sordida
784 979 891 1037 charta
904 980 993 1041 iuvat.

632 1092 741 1155 XCIV

249 1193 318 1253 Non
332 1211 400 1253 mea
414 1192 569 1272 Massylus
587 1200 691 1254 servat
704 1195 841 1274 pomaria
855 1212 1001 1275 serpens,

290 1278 406 1355 Regius
421 1275 544 1338 Alcinoi
559 1296 618 1339 nee
633 1277 710 1337 mibi
723 1280 820 1338 servit
834 1296 924 1357 ager,

250 1360 313 1422 Sed
328 1362 519 1421 Nomentana
535 1380 663 1422 securus
678 1364 832 1439 germinat
844 1363 955 1422 hortus

291 1445 430 1525 Arbore,
451 1465 510 1505 nee
524 1446 626 1505 furem
639 1445 784 1526 plumbea
797 1445 877 1505 mala
891 1447 1010 1505 timent.

227 1529 337 1590 5Haec
352 1531 447 1607 igitur
462 1530 562 1590 media
577 1550 655 1609 quae
669 1535 742 1590 suut
756 1530 847 1590 modo
861 1537 933 1589 nata
948 1529 1066 1589 Subura

291 1613 445 1673 Mittimus
461 1617 616 1674 auctumni
630 1634 723 1674 cerea
738 1635 829 1695 poma
843 1616 915 1677 mei.

637 1750 731 1811 XCV.

247 1846 398 1907 lulautem
414 1848 472 1907 tibi
486 1849 550 1925 vir,
572 1850 649 1924 tibi,
670 1846 762 1909 Galla
775 1848 898 1907 remisit
913 1845 1043 1907 adulter.

290 1932 349 2009 Hi,
370 1938 463 2012 puto,
486 1952 546 1993 non
563 1931 656 1992 dubie
672 1952 706 1991 se
721 1933 853 1992 futuisse
868 1937 993 2009 negant.

629 2068 736 2129 XCVI.

248 2164 348 2245 Saepe
363 2164 473 2244 loquat
487 2168 612 2229 nimium
630 2177 739 2247 gentes
756 2168 853 2248 quod,
875 2168 983 2242 Avite,
1003 2168 1141 2239 remotas,

289 2249 431 2327 Miraris,
452 2251 540 2312 Latia
553 2253 676 2313 faetus'
667 2273 699 2312 ιιι
717 2255 794 2312 urbe
809 2272 921 2328 senex,

247 2332 488 2411 Auriferumque
503 2336 621 2414 Tagum
636 2338 737 2397 sitiam
751 2338 946 2418 patriumque
962 2333 1100 2394 Salonem

290 2417 332 2476 Et
346 2426 486 2498 repetam
501 2427 623 2479 saturae
639 2419 765 2481 sordida
780 2441 853 2480 rura
867 2424 982 2480 casae.

87 2512 98 2529 ’
226 2498 307 2561 oilla
321 2499 426 2580 placet
440 2502 551 2580 tellus,
574 2505 605 2562 in
622 2525 682 2583 qua
697 2523 750 2565 res
764 2525 856 2585 parva
869 2506 994 2563 beatum

290 2586 344 2645 Me
359 2587 435 2647 lacit
452 2595 485 2648 et
499 2594 608 2647 tenues
627 2587 821 2649 luxuriantur
835 2608 920 2668 opes

247 2670 389 2731 Pascitur
404 2672 474 2751 hio,
494 2673 537 2731 ibi
553 2674 654 2751 pascit
668 2692 758 2751 ager;
781 2674 955 2768 tepetigne
970 2668 1098 2747 maligno

290 2754 350 2814 Hie
365 2755 470 2833 focus,
491 2758 611 2835 ingenti
627 2755 744 2817 lumine
758 2741 844 2816 lucet
857 2758 911 2817 ibi

247 2838 307 2897 Hie
322 2840 460 2917 pretiosa
474 2841 570 2901 fames
586 2843 849 2921 conturbatorque
864 2837 1029 2911 macellus3

206 2931 240 2983 10
287 2923 398 2983 Mensa
412 2925 457 2983 ibi
471 2922 585 2985 divitiis
598 2927 682 2986 ruris
697 2932 806 3006 operta
821 2926 876 2985 sui.
1035 2978 1038 2981 .

249 3008 400 3083 Quattuor
414 3008 465 3067 hic
481 3018 597 3069 aestate
611 3018 702 3089 togae
717 3008 864 3091 pluresve
879 3014 1040 3080 teruntur;

290 3092 470 3153 Auetumuis
488 3094 532 3153 ibi
546 3114 595 3153 me
611 3101 755 3171 quattuor
768 3114 829 3155 una
843 3095 931 3172 tegit.

248 3174 276 3251 1,
299 3173 368 3235 oole
382 3196 465 3237 nune
479 3196 586 3255 reges,
610 3178 761 3258 quidquid
774 3199 842 3242 nou
851 3183 991 3260 praestat
1008 3174 1118 3235 amicus

292 3259 369 3319 (lum
383 3268 544 3340 praestare
560 3263 618 3322 tibi
631 3266 745 3342 possit,
768 3264 876 3342 Avito,
897 3260 995 3322 locus

625 3397 746 3461 xcvii.

245 3492 324 3552 llum
339 3490 416 3553 levis
431 3514 537 3555 arsura
549 3498 681 3555 struitur
694 3496 830 3557 Libitina
840 3515 974 3578 papyro,

288 3575 365 3636 Dum
380 3554 537 3657 myrrham
551 3585 583 3639 et
600 3581 711 3639 casiam
725 3580 840 3642 flebilis
856 3602 934 3641 uxor
949 3581 1039 3657 emit,
