2442 4209
135 295 155 360 8
214 299 257 358 Μ.
275 296 365 358 vul..
384 295 609 356 MAR'I'IALIS
625 295 966 356 EPIGRAMMATCN
979 295 1113 355 LIBER.
1215 254 1216 277 Χ

220 436 404 507 Fucinus'et
419 446 500 526 pigri
517 451 678 505 taceantur
694 453 800 524 stagna
815 444 964 526 Neronis:

265 530 351 589 IIanc
365 531 471 589 norint
486 549 576 588 uuam
592 527 715 589 saecula
728 531 946 590 naumachiam.

601 654 717 724 XXIX(
790 712 800 718 .

222 779 298 840 Cum
315 779 457 840 traheret
470 777 613 856 Priscus,
633 779 776 839 traheret
789 779 958 839 certamina
973 779 1077 840 Verus

261 864 355 923 Esset
370 868 403 922 et
419 862 554 940 aequalis
570 863 656 922 Mars
669 863 831 941 utriusque
845 861 914 938 diu,

220 947 329 1008 Missio
345 964 437 1026 saepe
453 947 527 1005 viris
543 966 650 1026 magno
667 945 802 1007 clamore
819 949 919 1026 petita
934 954 999 1022 est3

263 1029 327 1091 Sed
343 1032 457 1092 Caesar
471 1029 534 1108 legi
551 1031 654 1112 paruit
667 1032 838 1112 ipse'suae:
853 1065 894 1074 -

199 1116 286 1176 snex
301 1121 384 1192 erat,
405 1113 444 1174 ud
459 1112 587 1192 digitum
602 1117 705 1194 posita
724 1133 912 1176 concurrere
927 1135 1051 1197 parma:
1070 1154 1076 1158 -

263 1199 351 1277 Quod
367 1198 474 1275 licuit,
495 1198 600 1258 lauces
615 1197 757 1278 donaque
771 1217 865 1279 saepe
880 1198 978 1260 dedit.

220 1285 366 1358 Inventus
378 1290 480 1342 tamen
497 1288 546 1342 est
559 1283 630 1342 iinis
646 1282 832 1343 discriminis
847 1285 955 1362 aequit

262 1362 442 1446 Pugnavere
457 1385 564 1447 pares,
588 1368 778 1427 succubuere
792 1386 893 1447 pares.

220 1452 309 1512 Misit
326 1453 449 1530 utrique
466 1450 560 1510 rudes
575 1456 607 1511 et
621 1449 738 1531 palmas
754 1451 868 1511 Caesar
883 1452 1023 1529 utriquez

181 1546 213 1598 10
262 1537 330 1596 Hoc
344 1542 479 1615 pretium
492 1542 589 1594 virtus
604 1553 764 1613 rugemosa
778 1534 860 1596 tulit.

222 1620 361 1698 Contigit
374 1621 434 1679 hoc
449 1615 534 1679 nullo
549 1620 609 1678 nisi
626 1624 659 1679 te
676 1622 732 1680 sub
747 1620 906 1700 priucipe,
930 1620 1071 1683 Caesarz.

262 1705 339 1764 Cum
356 1702 415 1763 duo
430 1709 621 1784 pugnarent,
642 1705 741 1765 victor
755 1711 887 1784 uterquc
901 1705 971 1764 fuit.

613 1821 708 1882 XXX.

222 1919 351 1980 Concita
370 1917 494 1980 veloces
509 1919 634 1997 fugeret
649 1939 717 1979 cum
731 1917 849 1978 damma
862 1917 1017 1978 Molossos

261 2003 399 2064 Etruria
416 2000 518 2062 lentas
535 2008 679 2062 necteret
696 2009 764 2062 arte
780 2021 898 2079 moras,

222 2086 362 2148 Caesaris
381 2093 452 2168 ante
468 2085 565 2165 pedes
580 2084 710 2166 supplex
724 2085 894 2166 sImiIisque
909 2088 1030 2164 roganti

263 2169 427 2247 Constitit,
449 2176 482 2229 et
494 2169 642 2250 praedam
656 2188 718 2230 uon
732 2172 867 2250 tetigere
882 2189 984 2234 canes.

197 2281 213 2315 0
222 2277 235 2316 .“
276 2298 968 2317 ..............

263 2341 350 2400 Haec
364 2335 528 2398 intellecto
547 2339 689 2419 principe
706 2338 786 2398 dona
800 2337 879 2400 tulit.

222 2423 342 2484 Numen
359 2423 454 2482 habet
473 2422 602 2483 Caesar:
625 2441 713 2482 sacra
728 2429 777 2482 est
790 2424 884 2501 haec,
904 2442 994 2484 sacru
1007 2430 1179 2506 potestas,

264 2506 409 2568 Creditet
432 2507 558 2568 mentiri
573 2524 635 2566 nou
651 2504 791 2566 didicere
809 2506 905 2568 ferae.

604 2617 714 2678 XXXI.
822 2608 828 2612 ’

221 2717 345 2778 Cedere
362 2717 471 2777 maiori
485 2717 607 2776 virtutis
624 2716 705 2775 fama
719 2705 855 2777 secunda
869 2722 925 2780 est.

262 2801 319 2862 Illa
337 2803 437 2881 gravis
452 2796 554 2880 palma
569 2807 635 2877 est,
658 2820 747 2877 quam
762 2802 866 2861 minoi
877 2799 976 2863 hostis
990 2804 1094 2867 habet.

594 2927 716 2988 XXXII.

220 3042 266 3102 Da
279 3043 400 3104 veniam
416 3040 544 3102 subitis:
566 3059 629 3100 nou
645 3037 840 3120 displicuisse
855 3049 994 3102 meretur

264 3127 421 3205 Festinat,
445 3127 576 3203 Caesar,
601 3125 655 3204 qui
670 3121 823 3204 placuIsse
837 3126 905 3188 tibi.

589 3258 725 3321 XXXIII.

200 3405 204 3418 ·
220 3374 325 3435 Flavia
344 3393 436 3455 gens,
460 3379 603 3452 quantum
618 3374 676 3433 tihi
692 3373 804 3454 tertius
819 3371 945 3434 abstuIIt
958 3374 1067 3434 heres!

262 3460 366 3520 Paene
382 3459 442 3519 iuIt
454 3459 549 3536 tund,
572 3477 634 3517 non
648 3458 793 3518 habuisse
808 3456 894 3520 duos.
