2442 4209
135 318 179 384 24
460 318 505 380 M.
522 319 613 382 VAL.
630 318 855 380 MAR'l‘lALlS

223 474 275 535 Sic
289 473 492 553 interpositus
505 469 580 532 villo
596 473 784 532 contaminat
796 477 892 531 uncto

200 559 339 620 5Urbica
351 555 539 636 Lingonicus
555 555 761 635 Tyrianthina
774 555 1030 641 bardocuculius,

223 643 274 702 Sic
289 641 454 702 Arretinae
469 640 585 702 violant
599 637 777 719 crystallina
790 645 909 719 testae,

223 727 275 786 Sic
294 727 384 804 niger
400 726 433 785 in
449 725 526 804 ripis
543 730 629 784 errat
643 743 712 783 oum
726 723 810 783 iorte
826 724 968 804 Caystri,

222 811 308 871 luter
322 808 464 871 Ledaeos
478 808 600 868 ridetur
615 827 723 868 corvus
738 806 859 885 olores,
936 879 940 885 .

222 895 274 956 Sic
289 896 341 954 ubi
356 892 520 954 multisona
533 893 637 952 fervet
651 909 738 952 sacer
752 891 884 952 Atthide
897 891 1004 972 lucus,

179 979 361 1059 lolmproba
375 977 541 1056 Cecropias
557 975 689 1037 offendit
702 977 772 1056 pica
786 975 952 1055 querellas.

220 1062 325 1125 lndice
339 1081 402 1122 non
417 1080 492 1140 opus
508 1067 557 1126 est
570 1061 685 1121 nustria
700 1078 759 1119 nec
772 1059 876 1121 iudice
892 1061 999 1141 libris,

221 1148 289 1207 Stat
304 1151 412 1206 contra
426 1144 564 1224 dicitque
580 1145 638 1205 tibi
652 1150 705 1203 tua
723 1145 834 1224 pagina
847 1146 933 1224 „Fur
948 1146 1018 1207 es.“

622 1278 700 1340 LIV.

221 1393 362 1473 Siquid,
382 1395 500 1472 Fusco,
512 1413 608 1464 ,vacas
623 1392 722 1453 adhuc
739 1394 833 1453 amari
847 1426 891 1439 -

221 1478 297 1538 Nam
312 1485 384 1538 sunt
396 1478 469 1537 hinc
483 1478 558 1554 tihi,
581 1483 698 1537 suntet
711 1479 785 1537 hinc
799 1479 888 1538 amici
900 1513 960 1556 -‚

220 1563 338 1640 Unum,
360 1563 387 1621 si
404 1568 563 1641 superest,
584 1560 687 1620 locum
700 1580 860 1640 rogamus,
927 1608 937 1613 -

219 1646 285 1705 Nec
302 1665 368 1722 me,
392 1644 474 1724 quod
490 1646 548 1706 tibi
563 1647 620 1705 sim
634 1664 748 1723 novus,
770 1665 915 1707 recuses:

198 1729 337 1790 50mner
352 1731 411 1789 hoc
425 1735 549 1789 veteres
563 1731 610 1790 tui
623 1730 759 1790 fuerunt.
860 1755 865 1762 ·
895 1794 904 1810 ⁶

222 1815 272 1875 Tu
286 1813 404 1874 tantum
417 1815 538 1893 inspice
559 1815 610 1892 qni
626 1834 722 1873 novus
736 1820 863 1893 paratur

220 1899 269 1958 An
283 1899 383 1979 possit
396 1898 467 1957 fleri
481 1904 568 1958 vetus
586 1896 713 1958 sodalis.

626 2046 691 2107 LV.
792 2066 796 2070 ’

219 2159 302 2221 Vota
316 2161 362 2219 tui
377 2159 515 2219 breviter
530 2160 557 2218 si
571 2160 617 2218 vis
633 2178 821 2237 cognoscere
838 2162 954 2242 Marci,

265 2242 391 2303 Clarum
403 2240 548 2320 militiae,
570 2243 706 2321 Fronto,
728 2248 882 2325 togaeque
899 2247 1010 2326 decus,

221 2327 289 2386 Hoc
304 2330 402 2406 petit,
425 2327 558 2387 asserui
573 2345 632 2386 nec
647 2329 749 2406 magni
762 2331 844 2389 ruris
858 2339 979 2410 arator,

264 2410 459 2490 Sordidaque
474 2412 507 2470 in
521 2413 624 2491 parvis
641 2413 704 2472 otia
717 2415 811 2473 rebus
827 2421 914 2478 amat.

200 2496 391 2575 5Quisquam
405 2497 489 2576 picta
503 2494 580 2555 colit
599 2495 744 2575 Spartani
761 2498 879 2576 frigora
893 2501 957 2559 saxi

239 2635 243 2642 .
261 2580 304 2641 Et
322 2581 503 2640 matutinum
516 2585 622 2660 portat
634 2581 758 2660 ineptus
772 2582 854 2660 Ave,

222 2665 280 2725 cui
295 2665 372 2725 iicet
386 2665 501 2724 exuviis
515 2665 652 2743 nemoris
667 2667 811 2744 rurisque
825 2668 916 2726 beato

263 2749 345 2809 Ante
361 2749 463 2808 iocum
477 2746 587 2828 plenas
603 2742 787 2827 explicuisse
801 2749 907 2830 plagas

219 2835 261 2892 Et
275 2833 393 2912 piscem
406 2831 537 2892 tremula
554 2829 717 2892 salientem
733 2832 847 2894 ducere
862 2842 929 2895 seta

180 2927 214 2978 10
261 2915 418 2996 Flavaque
435 2917 474 2976 de
488 2917 583 2975 rubro
598 2935 744 2996 promere
759 2917 853 2978 mella
868 2919 968 2980 cado?

221 3001 348 3078 Pinguis
362 2999 538 3080 inaequales
553 3007 664 3062 onerat
679 3003 728 3060 eui
741 3000 832 3063 vilica
846 3023 966 3064 mensas

262 3087 305 3145 Et
319 3104 373 3144 sua
387 3105 449 3146 non
464 3092 583 3164 emptus
597 3092 763 3164 praeparat
781 3107 836 3147 ova
850 3088 950 3148 cinis?

221 3169 290 3230 Non
306 3175 388 3229 amet
402 3170 481 3230 hanc
496 3171 588 3229 vitam
602 3169 741 3248 quisquis
755 3190 805 3231 mc
819 3192 881 3232 non
896 3180 991 3251 amat,
1013 3181 1110 3258 opto,

263 3253 357 3314 Vivat
369 3259 402 3314 et
415 3255 539 3314 urbanis
556 3251 644 3312 albus
657 3253 690 3311 in
708 3254 828 3317 officiis.

619 3390 698 3451 LVI.

222 3499 384 3561 Continuis
398 3504 506 3560 vexato
520 3500 624 3562 madet
637 3499 791 3562 vindemia
803 3503 930 3562 nimbis:

261 3583 330 3645 Non
343 3591 449 3665 potes,
470 3589 505 3642 ut
520 3587 641 3665 cupias,
663 3585 818 3664 vendere,
841 3607 936 3668 copo,
959 3607 1088 3652 merum.
