2442 4209
299 336 639 404 EPIGRAMMA'ION
655 335 728 401 LIB.
743 336 823 401 XIV.
1018 334 1081 400 ³23

397 539 475 603 XIV.
504 538 576 601 rain·
591 538 727 600 eburnei.

123 654 198 716 Cum
211 654 339 715 steterit
351 650 455 713 nuilus
469 650 554 712 voitu
567 652 627 711 tibi
642 648 721 711 iulus
736 651 862 732 eedem,

160 738 292 798 Munere
307 754 356 797 me
371 735 458 796 dices
473 754 582 814 magns
595 734 722 795 dedisse
735 737 802 797 tibi.

431 870 498 932 XV.
525 870 684 930 Tesserae.

119 968 186 1029 Non
201 970 258 1028 sim
275 965 407 1029 talorum
421 986 551 1028 numeru
564 988 622 1047 par
638 974 773 1045 tessera,
795 966 866 1029 dum
880 969 922 1028 sit
953 1002 961 1017 ·

159 1051 279 1130 Maior,
302 1050 494 1131 quantulis,
513 1050 581 1112 aler
595 1069 689 1132 saepe
704 1052 788 1113 mihi.

416 1186 497 1248 XVI.
526 1184 705 1247 iitrrr‘eula.

122 1286 206 1363 Quae
221 1285 282 1345 seit
295 1286 485 1365 compositos
499 1304 607 1345 manus
620 1285 761 1365 improba
775 1286 902 1345 mittere
916 1280 1015 1361 tulus,

160 1370 195 1431 Si
209 1387 268 1451 per
282 1388 332 1429 me
345 1370 446 1448 misit,
466 1370 513 1431 nil
526 1370 586 1428 nisi
600 1382 672 1429 vota
686 1368 778 1431 ieret.

365 1503 458 1566 XVII.
487 1502 752 1565 Taouiaviuema.

116 1601 184 1661 IIae
201 1576 277 1662 mihi
292 1604 342 1663 IrIs
356 1619 432 1663 seno
446 1609 627 1661 numeratur
643 1608 763 1662 tessera
778 1609 912 1685 puncto3

162 1684 308 1747 Calenius
321 1687 380 1747 Irae
395 1687 517 1764 gemine
532 1683 671 1746 discolor
685 1686 777 1746 husie
788 1690 882 1767 perit

433 1820 540 1884 XVIII.
566 1815 681 1881 Nueer.

117 1914 200 1976 Alea
212 1936 306 1998 parra
319 1936 414 1979 nuees
429 1925 463 1978 et
476 1937 539 1977 nen
554 1916 701 1977 damnosa
714 1916 869 1995 videtur3'

161 1999 261 2082 Saepe
279 2009 382 2063 tamen
397 2003 504 2083 puerIs
518 2000 647 2062 abstulit
658 1999 715 2063 illa
729 2006 828 2063 nates.

376 2135 457 2200 XIX.
485 2136 587 2198 Thera
601 2114 738 2198 libreria

116 2232 255 2294 Sortitus
269 2234 390 2295 thecam
406 2234 531 2296 calamis
547 2254 667 2296 armare
682 2241 854 2313 mement03
980 2246 982 2254 '

161 2315 275 2380 Cetera
290 2338 346 2379 nos
364 2318 521 2398 dedimus,
543 2329 578 2379 tn
590 2320 708 2380 leviora
722 2339 805 2400 para.

445 2454 511 2515 xx.
539 2440 687 2518 eurania·

114 2549 339 2613 insidiosorum
353 2553 380 2611 si
394 2550 477 2612 Indis
492 2549 576 2613 bella
588 2549 759 2630 latronum,

163 2634 329 2696 Gemmeus
342 2637 404 2695 iste
420 2637 478 2696 tibi
494 2634 586 2696 miles
601 2641 635 2695 et
649 2637 749 2696 hostis
764 2636 835 2695 erit.

390 2770 470 2834 XXI.
492 2770 724 2851 Graphiarium.

111 2868 203 2929 Ilaee
216 2869 275 2929 tibi
290 2874 382 2929 erunt
395 2875 513 2929 armata
526 2887 582 2928 suo
596 2868 771 2948 graphiaria
784 2869 887 2929 ferro:
939 2946 940 2949 Ἴ

160 2951 193 3011 Si
207 2970 305 3032 puero
321 2951 437 3031 dones,
458 2971 521 3013 non
535 2951 606 3012 leve
620 2970 730 3012 munus
742 2953 812 3013 erit.

370 3087 463 3149 XXII.
485 3086 747 3167 Dentiscalpium.

111 3185 297 3247 Lentiscum
312 3183 441 3246 melius:
462 3184 520 3246 seri
534 3186 562 3247 si
575 3186 635 3245 tibi
652 3183 784 3244 frondea
798 3186 902 3264 cuspis

3 3263 4 3358 i
63 3355 67 3363 Ι
160 3268 321 3349 Defuerit,
344 3268 456 3332 dentes
470 3271 565 3351 pinna
578 3268 684 3360 Ierare
698 3274 811 3348 petest.

369 3403 476 3466 xxm.
500 3403 742 3485 Auriscalpium.

111 3505 151 3566 Si
167 3503 223 3565 tibi
237 3522 361 3565 marusa
376 3501 536 3584 prurigine
551 3503 704 3563 verminat
717 3502 814 3579 suris,

161 3589 255 3650 Arma
269 3587 376 3648 damus
390 3588 485 3649 tantis
501 3593 571 3668 apta
584 3582 777 3649 libidinibus.
803 3668 867 3729 w
